3008 4928
625 251 823 308 -ss..

140 438 210 483 non
223 415 293 489 “et’
318 441 338 482 a
361 426 464 506 poeta
485 417 629 498 fortasse
645 420 810 507 scriptum
826 433 904 486 esse.
941 417 991 486 At
1013 420 1079 486 alic
1103 419 1202 486 modo
1226 419 1310 484 dici·

140 531 197 589 tur
221 524 457 591 1111111111
482 528 596 615 (Prcp.
619 527 637 591 Ι
662 533 690 611 1,
715 533 768 612 12)
793 535 828 593 et
851 532 1001 615 ‘carpere
1016 527 1186 614 (pontum)
1209 525 1310 590 remis

139 631 219 696 Ibis’
253 632 332 716 (16,
358 633 413 720 33)
441 639 545 719 atque
569 634 610 699 ‘it
633 633 772 719 vivere’,
805 657 907 720 quam
940 634 982 700 ob
1015 657 1087 700 rem
1118 634 1203 700 haec
1231 655 1310 698 con-

139 739 271 804 iectura
294 738 403 804 doctis
427 763 499 805 non
512 741 627 827 ,magis
649 741 788 832 placuit,
812 764 914 827 quam
932 740 1311 829 interpretatio‘Hertz-

139 844 265 932 bergii‚
294 847 350 931 qui
381 847 425 912 ad
452 847 599 934 figuram
621 848 808 934 zeugmatis
831 847 1047 934 confugerat
1092 847 1145 913 Ne
1167 847 1312 912 Mueller

141 953 279 1039 quidem
310 960 404 1019 recte
426 954 593 1020 iudicasse
615 954 701 1020 mihi
723 955 874 1039 videtur,
907 977 985 1020 cum
1015 954 1091 1020 fieri
1113 953 1174 1020 vix
1195 952 1310 1041 possit,

104 1140 107 1145 .
140 1066 224 1138 1111
246 1059 351 1126 verbo
376 1062 540 1148 ‘parcere’
574 1069 609 1127 et
642 1061 779 1128 dativus
803 1061 937 1132 ‘famae'
961 1061 1109 1149 pendeat
1137 1067 1173 1126 et
1196 1059 1312 1126 infini-

140 1166 234 1232 tivus
258 1167 401 1234 ‘vivere'.
448 1169 606 1253 Denique
628 1169 817 1254 Fonteinii,
849 1169 1021 1256 Madvigii
1041 1167 1312 1252 Baehrentisque

142 1273 346 1360 scripturam
371 1275 509 1342 ‘Puricr
532 1276 578 1340 et’
604 1297 674 1340 esse
697 1276 855 1342 inutilem
876 1282 970 1342 ratus
995 1297 1171 1363 exponam,
1203 1273 1311 1359 qualis

142 1380 187 1444 sit
209 1379 348 1445 illorum
363 1380 546 1447 verborum
570 1381 802 1448 conformatio
834 1383 923 1448 Nam
938 1381 1093 1448 adhibita
1116 1379 1186 1448 ἀπὸ
1205 1379 1312 1446 κοινοῦ

141 1485 253 1572 figura
260 1487 285 1574 1)
310 1509 352 1552 ex
373 1487 537 1573 negativo
564 1488 715 1555 membro
738 1489 777 1554 in
799 1490 942 1558 alteram
969 1487 1158 1554 sententiae
1180 1495 1313 1576 partem
1374 1484 1377 1492 ’

140 1592 285 1658 verbum
312 1594 497 1660 revocandi
524 1593 706 1661 transfero:
737 1618 802 1661 nec
833 1601 1015 1662 revocatur
1045 1615 1245 1682 parcere..
1278 1599 1312 1658 et

141 1703 196 1783 (=
221 1701 292 1785 sed)
315 1708 497 1767 revocatur
518 1702 645 1768 vivere.

232 1807 326 1884 Quae
358 1831 411 1874 res
439 1815 479 1874 ut
511 1809 716 1894 iilustretur,
748 1810 893 1874 alterum
925 1807 1080 1874 adscribo
1113 1807 1312 1894 exemplum,

142 1935 210 1998 quo
233 1915 366 1980 nullum
389 1915 533 1980 similius
555 1916 757 2001 requiratur.
803 1915 945 1982 Etenim
967 1914 1141 1980 codicibus
1164 1913 1256 1980 inter
1278 1936 1313 1978 se

142 2021 438 2088 consentientibus
463 2022 680 2109 Propertium
702 2022 858 2089 videmus
880 2021 1034 2087 locutum
1057 2043 1128 2086 esse
1150 2019 1201 2086 IV
1220 2027 1246 2105 1,
1272 2026 1311 2084 19

256 2129 364 2193 ‘Nulli
387 2152 469 2196 cura
489 2128 559 2194 fuit
582 2136 738 2195 externos
762 2151 922 2214 quaerere
946 2128 1051 2212 divos,

256 2235 343 2300 Oum
365 2244 528 2302 tremeret
549 2237 662 2324 patrio
684 2237 834 2325 pendula
855 2235 958 2301 turba
980 2257 1084 2319 sacro,

256 2341 451 2428 Annuaque
477 2365 617 2408 accenso
642 2343 811 2408 celebrare
834 2343 961 2408 Parilia
983 2341 1101 2408 faeno’.

235 2447 309 2525 Quo
326 2449 400 2514 loco
416 2448 562 2516 verbum
572 2449 759 2515 ‘celebrare’
776 2472 847 2514 esse
856 2449 1067 2514 infinitivum
1075 2447 1314 2512 Lachmannus

144 2554 216 2640 ipse
239 2556 381 2620 monuit.
427 2556 554 2621 Tamen
576 2579 668 2622 nexu
694 2557 852 2622 carminis
881 2556 1058 2643 desperato
1081 2561 1122 2619 ut
1145 2554 1316 2620 coniectu-

144 2682 218 2726 ram
242 2661 443 2728 ι1111111111
473 2663 515 2728 ab
543 2663 696 2750 Hauptio
719 2663 941 2747 Vahlenoque
969 2667 1161 2748 susceptam
1186 2659 1315 2744 fecerit,

148 2767 228 2832 inde
252 2770 414 2836 accidisse
430 2772 578 2854 videtur,
602 2770 695 2862 quod
718 2793 795 2835 cum
818 2770 924 2835 altero
940 2768 1041 2834 alteri
1062 2768 1136 2834 loco
1152 2789 1316 2832 summam

146 2875 408 2943 similitudinem
431 2902 504 2946 esse
526 2878 760 2966 praetervidit.

234 2983 329 3070 Ergo
354 2986 479 3070 elucet,
507 2987 545 3051 in
568 2985 724 3052 omnibus
752 2992 899 3070 quatuor
925 2982 1080 3048 versibus
1105 2979 1316 3046 coniunctio-

148 3110 227 3152 nem
252 3091 489 3177 copulativam,
513 3115 599 3178 quae
622 3092 761 3158 accedat
781 3091 825 3156 ad
839 3091 1043 3178 particulam
1059 3088 1144 3172 ι1111,
1167 3087 1317 3153 retinen-

147 3194 224 3258 dam
249 3219 327 3262 esse.
1285 3205 1286 3208 ’

235 3303 370 3389 Restat,
398 3313 438 3371 ut
466 3305 653 3392 adiungam
681 3305 897 3370 enuntiatum
915 3304 1004 3368 “Nec
1027 3309 1143 3368 tamen
1166 3352 1197 3365 ..
1220 3321 1317 3366 revo-

148 3416 245 3474 catur
268 3412 358 3496 etsq.’
387 3421 527 3500 propter
553 3435 696 3498 sequens
725 3411 896 3476 distichon
924 3411 1007 3474 ‘Has
1041 3410 1184 3492 (noctes)
1212 3405 1316 3471 inter’

150 3524 210 3581 aut
225 3519 423 3604 parenthesi
437 3519 690 3604 includendum,
706 3525 774 3602 aut,
789 3517 827 3583 id
843 3516 934 3602 quod
949 3517 988 3580 in
1003 3515 1152 3581 Vahleni
1168 3513 1318 3578 editione

150 3621 280 3688 factum
304 3633 362 3710 est,
385 3626 423 3690 in
446 3627 604 3691 carminis
626 3625 695 3690 fine
717 3623 913 3712 ponendum
936 3645 1015 3686 esse.

239 3737 267 3798 8.
307 3733 468 3818 Vulgaris
501 3733 746 3821 particularum
774 3735 850 3796 ‘nec
873 3769 916 3778 —
940 3735 975 3794 et
1007 3727 1111 3814 (que)’
1145 3725 1318 3813 responsio

149 3834 340 3902 invenitur:
363 3839 414 3906 IV
439 3847 466 3924 5,
492 3846 524 3904 3:

148 4016 362 4029 ——..-—

224 4123 244 4192 ¹)
264 4121 339 4187 Quae
359 4125 455 4191 attuli,
481 4125 535 4180 duo
561 4124 688 4192 exempla
706 4121 844 4176 Akenium
867 4119 1030 4189 effugerunt.
1069 4117 1152 4171 Cuius
1170 4117 1200 4170 in
1222 4115 1319 4170 libello

151 4208 203 4278 (De
221 4211 324 4280 figurae
343 4208 400 4269 ἀπὸ
418 4218 516 4270 κοινοῦ
535 4231 585 4268 usu
604 4212 679 4283 apud
698 4210 757 4265 Gat.
777 4209 838 4265 Tib.
851 4210 934 4278 Prop.
962 4207 1109 4263 Schwerin.
1130 4206 1226 4275 Progr.
1241 4203 1320 4272 1884)

151 4297 208 4352 alia
225 4299 356 4359 invenies.
