3008 4928
604 256 826 316 -41-

129 425 243 490 ‘Peior
275 425 317 492 ab
350 425 531 492 admonitu
561 426 603 492 fit
634 427 764 492 statua’.
822 427 876 494 Tr.
903 427 940 492 H
964 435 1026 494 255
1065 427 1226 494 ‘carmine
1259 426 1303 492 ab

128 532 221 598 omni
245 583 251 596 .
276 584 282 596 .
307 533 461 600 doctior’.
507 533 543 598 H
568 540 608 600 28
633 534 727 600 ‘Fiat
750 533 793 600 ab
816 533 955 621 ingenio
977 535 1111 600 mollior
1133 535 1206 602 ira'.

217 639 377 725 Denique
401 640 544 706 causalis
567 641 663 707 notio
685 641 862 708 invenitur
884 664 932 707 vs.
955 641 1007 708 III
1031 649 1082 725 25,
1107 649 1125 706 6

241 745 395 833 ‘Semper
418 747 460 811 ab
483 747 626 831 insidiis,
650 747 811 835 Cynthia,
834 747 916 814 flere
938 748 1046 814 solea’.

128 851 149 915 i.
166 874 193 916 e.
217 875 276 917 001
291 853 498 920 Falschheit.
530 853 635 920 Nulla
656 855 858 922 necessitate
882 862 1025 942 cogente
1048 853 1221 920 Baehrens
1245 851 1303 918 ‘ad

128 958 282 1024 insidias'
306 960 450 1048 scripsit
1261 1035 1263 1040 ¹

219 1070 249 1149 c)
277 1066 332 1130 ΠΙ
357 1075 385 1150 1,
409 1076 451 1134 24
485 1068 608 1134 ‘Maius
636 1067 678 1132 ab
706 1069 857 1154 exequiis
884 1091 1009 1134 nomen
1037 1069 1075 1134 in
1102 1091 1161 1134 010
1183 1065 1302 1133 venit’.

129 1172 186 1236 ie.
203 1194 273 1238 von
288 1213 331 1222 —-
347 1174 416 1258 1101,
431 1175 527 1240 nach.
561 1175 622 1241 Ov.
638 1175 693 1240 Tr.
707 1175 756 1242 IV
774 1181 824 1259 10,
843 1183 905 1242 122
929 1175 1076 1242 ‘Nomen
1091 1174 1135 1241 ab
1151 1173 1304 1259 exequiis

130 1278 223 1362 quod
246 1279 327 1345 dare
349 1279 441 1346 fama
462 1281 570 1346 solet'.
616 1281 671 1346 Ex
694 1282 730 1346 P.
753 1281 806 1346 111
829 1290 858 1365 4,
884 1289 923 1348 73
953 1282 1101 1369 ‘Scripta
1122 1281 1260 1369 placent
1282 1302 1304 1346 0
1371 1365 1374 1374 .

130 1386 259 1451 morte'.
305 1387 360 1452 Pr.
384 1387 432 1452 IV
456 1396 489 1470 4,
513 1396 531 1452 5
566 1391 646 1473 ‘quo
675 1387 784 1452 duleis
811 1387 854 1454 ab
882 1395 978 1454 aestu
1000 1388 1135 1454 Fistula
1161 1393 1303 1474 poturas

129 1492 180 1557 ire
212 1492 354 1559 iubebat
381 1495 482 1562 oves'.
528 1495 802 1562 Ο11.Μο1.Χ1”17
827 1481 889 1562 312
924 1496 986 1563 ‘Ut
1012 1495 1159 1582 primum
1186 1493 1303 1560 valido

129 1606 280 1664 mentem
304 1600 443 1686 collegit
466 1601 509 1666 ab
532 1602 650 1668 aestu⁷.
685 1601 733 1667 VI
750 1608 792 1668 63
816 1601 947 1678 ‘Qualis
970 1600 1013 1668 ab
1036 1601 1146 1667 imbre
1168 1600 1255 1666 solet
1270 1651 1302 1664 ..

130 1728 228 1770 arcus
249 1706 391 1772 Inficere
414 1758 420 1772 .
445 1759 451 1772 .
476 1708 628 1773 caelum'.
666 1707 714 1774 IV
739 1714 802 1774 329
827 1707 882 1774 ‘ab
906 1707 958 1773 his
981 1708 1112 1774 tacuit'.
1150 1707 1219 1774 XII
1237 1714 1301 1773 578

130 1813 172 1876 ‘A
195 1835 348 1879 sermone
371 1814 460 1880 senis
484 1865 490 1879 .
515 1865 521 1878 .
546 1814 751 1880 Surrexere'.

220 1919 255 2003 d)
287 1920 392 2007 Apud
415 1922 514 2008 Prop.
537 1921 552 1986 1
578 1929 627 2006 la,
653 1930 694 1988 24

242 2028 326 2094 ‘Neo
349 2027 398 2092 110
422 2028 600 2094 caelestem
622 2027 770 2114 flagrans
794 2051 888 2094 01101
911 2027 1070 2093 Herculia
1093 2026 1216 2092 Heben

241 2134 356 2200 Sensit
379 2133 422 2200 ab
446 2133 556 2218 (codd.
580 2134 630 2218 in)
654 2135 788 2200 Oetaeis
812 2125 938 2222 gaudia
960 2135 1069 2222 prima
1091 2134 1203 2221 iugis'.

129 2241 302 2328 Hauptius
326 2249 361 2306 et
375 2241 520 2306 Mueller
540 2241 744 2308 sententiam
767 2241 950 2308 Schraderi
972 2241 1080 2306 secuti
1102 2264 1165 2329 pro
1186 2241 1302 2327 ‘iugis'

129 2355 330 2436 receperunt
354 2348 480 2434 ‘rogis’,
505 2370 606 2432 quam
629 2348 900 2414 emendationem
915 2347 959 2414 ab
982 2348 1032 2431 iis,
1056 2348 1116 2434 qui
1132 2348 1303 2434 corrigere

130 2454 307 2520 studerent
334 2462 470 2542 poetam
492 2455 618 2541 ipsum,
645 2454 824 2542 probatam
852 2477 923 2520 esse
945 2454 1083 2520 Laohm.
1108 2453 1204 2518 dixit.
1249 2453 1304 2519 Ne

130 2585 183 2626 me
207 2562 345 2647 quidem
368 2561 437 2627 illis
461 2562 589 2627 criticis
613 2562 770 2628 assentiri
798 2562 984 2648 quidquam
1008 2561 1114 2647 cogit,
1142 2560 1302 2646 quoniam

129 2669 287 2734 Herculis
319 2669 451 2734 animus
480 2669 584 2734 Oetae
616 2667 697 2755 iuga
728 2668 893 2753 relinquit
922 2668 1040 2734 eodem
1067 2667 1168 2733 modo
1198 2675 1303 2752 atque

131 2775 278 2840 dictator
305 2781 456 2840 aratrum
483 2797 535 2862 ap.
559 2776 620 2841 Ov.
642 2775 735 2841 Fast.
763 2775 903 2840 111781
943 2775 1003 2839 ‘Et
1031 2781 1167 2862 caperat
1194 2773 1302 2839 fasces

131 2904 150 2945 0
173 2903 277 2948 curuo
301 2881 418 2948 consul
441 2882 576 2946 aratro'.
608 2881 728 2966 ltaque
752 2881 931 2968 scriptores
949 2881 1096 2968 prosaici
1118 2880 1212 2946 illam
1227 2903 1302 2946 sen-

130 2988 275 3052 tentiam
297 2987 351 3052 his
374 2986 488 3053 verbis
503 2995 678 3052 notassent
701 2987 804 3074 ‘iugis
827 2987 956 3053 relictis
980 2987 1023 3052 H.
1041 2987 1167 3073 gaudia
1190 2987 1303 3075 prima

135 3093 264 3158 sensit’.
311 3094 492 3159 Praeterea
514 3116 686 3182 compares
708 3095 812 3160 velim
835 3095 901 3158 alia
923 3094 1119 3159 testimonia
1142 3117 1173 3180 p.
1192 3101 1241 3158 39.

218 3200 418 3266 Lectionem
441 3201 503 3264 ‘in'
531 3200 695 3266 traditam
718 3201 872 3287 Scaliger
898 3201 1021 3266 vocula
1045 3199 1114 3264 ‘ab’
1142 3221 1303 3287 prospere

132 3307 354 3374 commutavit
384 3330 495 3392 neque
522 3306 662 3372 Hertzb.
692 3307 813 3374 ceteris
842 3307 1030 3373 editoribus
1055 3306 1238 3371 Herculem
1264 3307 1303 3371 in

131 3413 217 3478 Oeta
243 3412 317 3498 ipsa
339 3400 463 3480 Heben
489 3413 527 3478 in
553 3413 808 3479 matrimonium
832 3413 1000 3496 duxisse1)
1027 3413 1203 3501 persuasit.
1249 3413 1303 3478 Ne

130 3513 362 3605 Rossbergii1)
396 3519 591 3585 coniectura
619 3521 669 3586 ‘in
701 3521 867 3586 aethereis
894 3520 999 3606 iugis’
1027 3518 1213 3606 probabilis
1242 3527 1302 3585 est.

130 3625 218 3690 Nam
241 3632 478 3712 praeterquam
501 3626 592 3710 quod
615 3627 787 3692 sententia
810 3626 893 3691 duaa
916 3649 1015 3693 voces
1039 3627 1242 3691 ‘caelestem’
1267 3633 1303 3692 at

131 3731 322 3797 ‘aethereis'
350 3733 410 3799 vix
441 3733 585 3821 patitur,
617 3740 720 3821 poeta
750 3733 788 3798 id
821 3733 930 3819 egisse
961 3732 1047 3798 111111
1074 3733 1225 3816 videtur,
1257 3756 1304 3798 ne

130 3838 395 3904 illustrissimum
423 3839 509 3904 illud
536 3839 724 3926 praemium
747 3861 767 3904 a
789 3839 922 3925 magnis
945 3839 1103 3906 Herculis
1128 3839 1303 3906 laboribus

131 3953 310 4032 separaret.

221 4194 241 4262 ¹)
263 4191 413 4262 Roasberg,
441 4191 588 4247 Lucubrat.
616 4193 660 4249 Pr.
682 4193 758 4248 1877.
796 4191 872 4250 Stad.
891 4193 987 4266 Progr.
1015 4211 1043 4262 p.
1062 4195 1087 4248 9.
1124 4193 1166 4248 lbi
1190 4196 1304 4249 exstant

130 4279 291 4335 testimonia
309 4280 343 4336 de
361 4279 487 4336 Herculis
506 4281 643 4336 connubio
662 4299 769 4351 graeca,
