3008 4928
639 243 859 300 ..25-

159 411 229 479 tibi
251 413 389 478 credere
411 412 514 478 turba
536 420 645 497 vetat,
670 414 757 478 Oum
779 413 877 480 videt
900 464 930 477 ..
955 413 1113 478 devotam
1137 433 1272 477 currere
1295 463 1302 478 .
1326 463 1334 476 .

145 517 199 582 in
226 519 366 584 nemus'.
411 520 512 585 Hanc
539 521 696 586 voculam
720 520 804 585 ‘sod’
832 519 1071 600 Lachmannus
1103 525 1138 584 et
1170 519 1241 602 alii,
1274 518 1335 604 qui

161 631 305 712 excepto
337 625 566 712 Hcrtzbergio
605 627 677 692 eius
709 625 916 692 sententiam
946 625 1191 714 probaverunt,
1228 625 1333 698 ‘nam’

160 731 332 818 particula
353 731 396 797 ab
416 733 513 798 Italis
536 733 664 821 scripta
687 741 945 799 commutavere.
990 731 1039 798 At
1062 731 1195 798 codices
1217 732 1335 798 rectis·

161 837 246 902 sime
267 838 402 902 tradere
425 839 608 926 praemissa
622 840 808 906 enuntiata
828 839 960 922 docent,
984 838 1111 926 quippe
1134 861 1212 904 oum
1234 845 1336 926 poeta

147 944 207 1008 ad
230 967 276 1028 ea,
300 967 387 1030 quae
409 953 589 1012 monuerat
611 947 712 1034 paulo
736 953 824 1028 ante,
847 952 1042 1012 revertatur
1064 945 1121 1010 vel
1136 945 1250 1033 potius
1265 945 1335 1033 pri-

160 1073 252 1118 mam
275 1051 438 1118 orationis
460 1060 593 1140 partem
615 1053 777 1120 absolvat.
811 1052 893 1119 ‘Sed
916 1051 1010 1136 (aber
1031 1052 1096 1117 wie
1119 1055 1253 1138 gesagt)
1269 1050 1336 1117 tibi

162 1157 326 1242 credere',
353 1159 467 1244 inquit
490 1166 620 1226 amator
644 1164 710 1225 ‘me
737 1159 932 1247 impediunt
959 1158 1060 1223 multi
1082 1157 1163 1242 viri,
1191 1179 1336 1244 quorum

163 1264 320 1331 “lumina
343 1265 474 1332 crimen
496 1265 606 1353 (facti)
629 1267 793 1333 habent'’.

252 1371 304 1436 Ne
328 1371 501 1437 Baehrens
530 1373 668 1458 quidem
696 1372 972 1438 coniunctionem
1000 1371 1084 1436 ‘sed’
1110 1370 1209 1458 parvi
1236 1371 1336 1436 aesti-

161 1477 280 1543 mavit.
311 1477 361 1544 At
385 1501 433 1562 ec,
457 1479 549 1564 quod
563 1480 685 1546 vocula
701 1479 794 1545 ‘cum'
818 1479 855 1544 in
872 1478 956 1544 ‘cur'
975 1485 1107 1544 mutata
1129 1501 1177 1543 vs.
1194 1484 1214 1542 9
1239 1484 1274 1542 et
1294 1482 1335 1543 10

161 1591 240 1672 post
255 1593 334 1651 νε.6
350 1585 473 1673 posuit,
494 1585 633 1652 nimiam
647 1587 719 1652 vim
734 1586 847 1652 textui
862 1583 954 1651 fecit.
978 1583 1066 1650 Nam
1082 1583 1158 1669 quis
1174 1592 1233 1668 est,
1250 1584 1335 1670 quin

163 1698 289 1775 cernat,
313 1700 443 1777 quanta
463 1693 610 1758 inanitas
627 1693 754 1758 inesset
776 1693 814 1758 in
837 1691 952 1758 verbis
976 1691 1049 1756 ‘sed
1074 1691 1212 1756 credere
1234 1690 1337 1756 turba

162 1798 285 1881 vetat'‚
300 1798 367 1864 nisi
382 1806 484 1887 poeta
502 1799 714 1866 adiunxisset
730 1800 830 1865 ‘Cum
845 1799 977 1865 videt..
994 1797 1154 1864 devotam
1168 1796 1337 1862 currero'?

255 1911 282 1969 8.
313 1905 459 1971 Plenum
478 1929 604 1971 nexum
618 1907 787 1994 particula
807 1906 912 1970 ‘nam’
927 1906 977 1971 ita
991 1904 1169 1987 desiderat,
1185 1911 1225 1968 ut
1240 1926 1337 1991 prae·

162 2011 300 2076 missam
323 2013 529 2078 sententiam
551 2037 662 2099 neque
684 2013 807 2102 probet
829 2035 941 2098 neque
964 2011 1119 2099 explicet,
1142 2034 1190 2077 νε.
1214 2009 1278 2094 18,
1294 2017 1334 2076 21

277 2120 338 2186 ‘Ut
361 2127 396 2185 te
412 2121 589 2207 (Cynthia)
606 2171 635 2185 ..
659 2120 817 2208 Accipiat
832 2119 975 2208 placidis
992 2119 1108 2185 Oricos
1125 2117 1336 2204 aequoribus.

275 2226 363 2290 Nam
386 2249 440 2291 me
463 2248 532 2292 non
555 2227 645 2292 ullae
668 2233 831 2314 poterunt
851 2248 1066 2313 cormmpere
1088 2225 1230 2290 taedae’.

163 2331 184 2395 i.
200 2354 226 2396 e.
250 2331 353 2397 Denn
376 2356 445 2398 was
475 2333 567 2398 mich
594 2333 735 2398 betrifft.
783 2333 858 2410 Qua
885 2332 1037 2398 liberiori
1064 2332 1196 2397 ratione
1219 2337 1337 2419 poetas

164 2438 298 2526 saepius
321 2439 417 2525 loqui
439 2439 492 2504 his
509 2439 626 2506 Ovidii
643 2439 754 2505 tribus
778 2439 939 2527 exemplis
962 2439 1097 2504 firmare
1120 2438 1205 2502 mihi
1227 2437 1337 2503 liceat.

163 2543 206 2608 In
233 2567 281 2610 νε.
304 2544 385 2610 Με1.
409 2546 460 2611 VI
484 2553 545 2613 271
577 2554 757 2634 postquam
785 2545 828 2611 de
850 2545 960 2611 Niobe
983 2545 1114 2610 dictum
1137 2552 1200 2629 est,
1229 2544 1338 2610 oratio

166 2650 388 2716 continuatur
404 2653 504 2717 ‘Nam
526 2661 624 2741 pater
639 2652 814 2741 Amphion
829 2704 857 2716 ..
880 2651 1058 2716 Finierat.
1079 2703 1085 2715 .
1109 2652 1238 2740 pariter
1261 2673 1338 2717 cum

164 2757 241 2822 luce
265 2757 437 2823 dolomm’.
471 2759 507 2824 Π
522 2767 595 2825 329.
619 2760 782 2825 VH1531
810 2759 969 2824 ‘Pulvere
988 2758 1148 2823 canitiem
1166 2741 1337 2845 genitor..

275 2865 407 2930 Foedat
430 2866 526 2930 humi
549 2865 654 2950 fusus,
677 2867 931 2953 spatiosumque
953 2865 1109 2951 increpat
1133 2887 1262 2930 aevum.

276 2971 364 3036 Nam
387 2971 429 3038 de
454 2981 563 3038 matre
585 2996 706 3038 manus
730 2973 796 3038 diri
819 2972 885 3038 sibi
909 2972 1043 3038 conscia
1065 2971 1150 3037 facti

276 3079 405 3166 Exegit
427 3081 573 3167 poenas'.

165 3183 338 3273 Hauptius
361 3186 475 3251 reddit
498 3187 590 3252 denn
611 3209 680 3252 was
704 3186 764 3251 das
781 3185 923 3269 betrifft‚
946 3183 1093 3250 dariiber
1110 3181 1259 3262 brauche
1282 3179 1339 3246 ich

164 3291 267 3356 kaum
290 3315 333 3356 zu
355 3292 473 3376 reden,
502 3316 588 3379 quae
617 3293 792 3359 conversio
821 3292 1014 3377 assequitur
1040 3313 1149 3355 meam
1172 3289 1338 3378 interpre-

165 3397 338 3464 tationem.
384 3398 428 3462 In
450 3399 608 3464 omnibus
631 3399 740 3485 igitur
762 3399 816 3464 his
835 3397 989 3464 versibus
1013 3396 1109 3483 quasi
1131 3394 1338 3486 praeteritio,

166 3503 209 3569 de
233 3505 423 3590 quamodo
447 3505 527 3589 dixi,
552 3505 779 3592 cognoscitur.

254 3611 307 3675 De
329 3611 498 3699 particula
521 3612 625 3677 ‘nam'
650 3635 670 3676 a
691 3610 914 3676 Lachmanno
937 3611 1064 3676 reiecta
1087 3617 1122 3675 et
1146 3607 1336 3675 aVahleno

164 3717 326 3782 restituta
347 3740 396 3783 νε.
412 3717 466 3782 ΙΠ
491 3726 518 3802 7,
544 3725 584 3806 19
601 3717 681 3782 huic
697 3717 891 3783 doctissimo
907 3717 982 3782 viro
998 3716 1175 3798 assentior;
1199 3714 1258 3780 sed
1279 3735 1340 3779 cur

164 3823 256 3888 idem
280 3822 352 3908 (cfr.
376 3823 396 3888 l.
421 3846 447 3888 c.
473 3828 550 3908 356)
573 3847 621 3889 νε.
645 3823 688 3889 Π.
715 3831 764 3908 26,
789 3829 831 3890 49
1213 3874 1215 3878 .

277 3929 400 3995 ‘Testis
422 3929 623 4018 Amymone,
645 3930 763 3995 latices
788 3952 865 3994 cum
887 3928 992 3994 ferret
1015 3929 1052 3993 in
1073 3927 1179 4016 Argis

274 4036 480 4124 Compressa,
503 4044 538 4102 et
560 4037 694 4102 Lernae
716 4037 815 4124 pulsa
836 4035 989 4101 tridente
1011 4036 1116 4124 palus.

273 4142 346 4208 Iam
370 4142 452 4208 deus
475 4144 634 4232 amplexu
657 4151 777 4209 votum
799 4141 977 4230 persolvit:
1001 4141 1112 4208 atilli

273 4249 390 4316 Aurea
412 4249 546 4317 divinas
569 4273 656 4315 urna
678 4249 833 4338 profudit
856 4248 982 4334 aquas'.
