3008 4928
637 257 856 314 „46-

164 425 374 492 videtinter
398 432 525 492 cornua
547 425 655 492 fronti
678 478 709 490 ..
733 425 871 512 fruges’.
904 426 1024 510 Itaque
1047 427 1238 492 sententiae
1254 413 1340 492 Plo»

165 533 341 619 portianae
365 531 588 599 conformatio
613 557 683 598 esse
706 534 845 599 videtur
869 532 1086 621 ‘Adpositum
1118 532 1225 598 flavis
1239 531 1341 599 tradis

166 640 228 722 (ita
249 648 289 704 ut
318 640 467 726 corporis
499 663 577 728 pars
604 641 757 728 proiecta
784 637 841 723 sit)
871 641 912 704 in
937 640 1140 705 Simoenta.
1179 639 1231 704 De
1257 640 1341 704 talis

165 745 268 811 modi
280 747 463 811 structuris
483 747 539 812 vd.
563 751 594 833 p.
613 754 662 812 39.

229 854 511 938 ··Praegnantem,
531 877 622 938 quae
646 854 781 937 dicitur,
805 854 1011 919 sententiam
1033 853 1158 918 habere
1182 841 1342 919 exirtiriro

165 959 307 1024 verbum
322 983 370 1024 vs.
386 960 417 1024 II
435 966 515 1044 6,18
533 961 722 1046 ‘Frangere
737 962 774 1025 in
790 961 970 1026 adversum
985 961 1107 1047 pocula
1123 950 1317 1025 Pirithoum
1323 960 1342 1022 'a

165 1065 185 1130 i.
203 1089 228 1130 e.
239 1071 241 1076 ’
252 1065 362 1131 fracta
383 1067 502 1132 iacere.
1232 1087 1233 1092 ’

255 1181 283 1252 2.
312 1173 595 1260 Praepositio‘in’
615 1174 764 1239 ablativo
779 1174 969 1238 iniunctae
983 1173 1093 1261 poetis
1112 1169 1344 1238 adhibebatur

255 1283 287 1363 a)
316 1280 359 1344 ad
383 1279 644 1345 describendum
659 1280 831 1345 hominem
854 1280 1068 1345 vestimentis
1083 1281 1139 1345 vel
1163 1271 1262 1344 armis
1285 1280 1343 1343 in-

167 1385 298 1450 dutum.
344 1388 398 1450 Pr.
422 1387 453 1451 Π
478 1393 528 1469 31,
555 1392 594 1452 16
619 1387 669 1450 ‘in
691 1387 795 1473 longa
818 1387 969 1452 carmina
991 1395 1086 1452 veste
1110 1387 1229 1452 sonat&
1276 1387 1341 1452 Ov.

164 1492 241 1556 Art.
265 1515 327 1556 am.
351 1492 382 1556 II
407 1495 479 1557 297.
526 1494 627 1578 Verg.
651 1492 736 1558 Aen.
760 1493 808 1558 IV
833 1500 906 1558 518.
952 1494 1021 1558 XII
1047 1501 1117 1558 169.

254 1600 308 1663 Pr.
332 1599 380 1664 IV
398 1606 425 1682 1,
443 1607 482 1664 27
509 1600 616 1664 ‘miles
640 1599 796 1664 radiabat
818 1600 857 1664 in
880 1601 1003 1665 armis'.
1044 1611 1071 1684 2,
1097 1607 1136 1665 27
1163 1598 1343 1664 ‘laudabar

166 1705 203 1769 in
226 1705 294 1770 illis
318 1706 467 1789 (armis)’.
514 1707 614 1792 Verg.
639 1707 687 1772 VI
712 1713 784 1771 826.
832 1708 892 1773 Ov.
916 1708 970 1772 Tr.
994 1708 1042 1773 IV
1067 1715 1094 1790 6,
1120 1714 1169 1772 33.
1215 1707 1269 1770 Pr.
1289 1706 1343 1772 IV

168 1821 196 1895 2,
214 1819 254 1876 38
280 1812 350 1877 ‘ibo
364 1813 514 1877 Mundus
531 1813 683 1878 demissis
699 1813 838 1878 institor
853 1815 891 1878 in
905 1815 1054 1879 tunicis’.
1087 1814 1188 1899 Verg.
1205 1814 1258 1878 IX
1274 1820 1340 1878 269

167 1918 253 1983 ‘ibat
275 1919 312 1983 in
335 1920 436 1984 armis
459 1919 614 1984 Aureus'.
654 1920 725 1984 Cat.
752 1927 802 2003 68,
829 1928 891 1986 134
916 1919 1100 2006 ‘Fulgebat
1120 1971 1150 1984 ..
1175 1918 1342 1984 candidus

166 2025 204 2089 in
225 2025 365 2090 tunica’.
411 2028 465 2090 Pr.
489 2026 532 2090 III
558 2034 607 2109 29,
634 2034 673 2090 26
699 2027 841 2091 ‘ostrina
864 2050 940 2091 cum
962 2025 1031 2091 fuit
1053 2028 1089 2090 in
1111 2027 1252 2091 tunical.

255 2131 349 2196 Idem
371 2133 460 2196 sicut
483 2133 619 2220 scripsit
641 2133 814 2216 11114,10
839 2133 980 2196 ‘Missilc
996 2184 1026 2196 ..
1051 2133 1136 2197 disci
1158 2132 1341 2220 pondus

167 2239 285 2322 rotat'‚
317 2239 367 2303 ita
399 2239 442 2303 ad
469 2241 675 2326 gravitatem
707 2241 757 2305 rei
784 2239 1039 2327 proponendam
1067 2263 1151 2305 voce
1180 2231 1341 2326 ‘pondus'

167 2368 246 2409 usus
271 2353 321 2409 ost
344 2345 392 2410 IV
417 2356 445 2429 2,
471 2353 510 2411 28

280 2452 412 2517 ‘Corbis
435 2453 472 2516 in
495 2453 655 2540 imposito
679 2454 830 2540 pondere
853 2475 979 2531 messor
1003 2454 1116 2517 eram'.

169 2557 237 2624 Gfr.
262 2559 322 2624 Ov.
345 2558 426 2624 Met.
450 2560 530 2624 VIII
554 2568 594 2624 26
621 2561 677 2624 ‘In
700 2561 797 2646 galea
820 2559 986 2625 formosus
1010 2561 1103 2624 erat'.
1198 2603 1199 2608 κ

255 2665 292 2752 b)
320 2666 373 2730 De
397 2667 606 2750 quaestione,
631 2689 714 2730 num
737 2667 905 2753 particula
929 2667 991 2730 ‘in’
1015 2666 1084 2730 loci
1105 2667 1342 2754 propinquita-

168 2781 238 2836 tem
265 2773 372 2860 possit
400 2773 605 2859 signifinam,
635 2773 809 2838 contentio
838 2770 948 2838 exstat
974 2773 1067 2838 inter
1084 2763 1341 2860 grammaticos,

170 2901 314 2962 quorum
337 2863 491 2966 Draeger
514 2880 541 2965 (I
567 2884 643 2962 648)
672 2880 876 2944 sententiam
899 2880 1030 2944 Handii
1054 2880 1114 2964 (III
1138 2884 1228 2964 250),
1256 2902 1341 2945 non-

167 2985 270 3049 nullis
294 2986 465 3072 Propertii
487 2991 536 3069 (et
555 2987 680 3069 Taciti)
704 2987 785 3052 locis
808 2987 909 3051 istam
932 3010 1004 3052 rem
1028 2988 1187 3075 conspici,
1211 2975 1342 3052 frustra

170 3093 393 3178 oppugnavit.
438 3092 509 3157 Iam
538 3093 676 3157 Lachm.
706 3098 748 3179 (p.
767 3097 856 3176 148),
888 3101 928 3158 ut
960 3093 1124 3181 probaret
1153 3093 1342 3159 ablativum

170 3199 278 3262 solum
305 3199 457 3263 indicare
485 3201 789 3286 propinquitatem,
822 3199 1023 3266 laudaverat
1050 3201 1136 3265 illud
1164 3201 1246 3266 Hor.
1270 3197 1339 3266 sac.

170 3306 200 3369 II
225 3313 253 3388 3,
278 3313 340 3370 292
367 3305 489 3369 ‘nudus
512 3307 549 3370 in
572 3306 688 3371 Tiberi
711 3306 828 3372 stabit'
852 3308 873 3371 i.
890 3330 915 3372 e.
941 3329 994 3370 am
1018 3307 1063 3390 Τ,
1087 3307 1167 3390 quia
1187 3304 1342 3392 sequitur

171 3410 321 3476 ‘necabit
343 3413 380 3476 in
403 3412 517 3497 gelida
539 3413 646 3477 lixum
669 3414 765 3500 ripa'.
797 3413 916 3499 Itaque
939 3413 1014 3478 fieri
1029 3420 1151 3500 potest,
1175 3420 1215 3477 ut
1230 3436 1341 3478 raram

170 3541 231 3604 pro
264 3519 400 3603 vulgari
432 3519 717 3605 significationem
750 3519 994 3585 substituamus
1032 3520 1069 3583 in
1101 3521 1154 3583 Pr.
1187 3519 1341 3586 versibus

170 3625 185 3688 I
211 3631 238 3707 1,
265 3631 302 3689 11
330 3625 478 3690 ‘errabat
501 3626 539 3689 in
562 3628 682 3692 antris⁷
708 3627 780 3692 etl
804 3634 832 3708 2,
858 3632 896 3690 11
917 3626 1066 3712 -‘Surgat
1090 3633 1124 3692 et
1147 3627 1184 3690 in
1207 3627 1286 3691 solis

170 3731 312 3796 arbutus
335 3733 464 3797 antris’.
497 3733 614 3819 Atque
638 3736 740 3799 etiam
756 3732 941 3820 probabilis
957 3735 1023 3798 erit
1037 3734 1341 3820 haecpconiectura,

171 3839 200 3902 si
222 3838 309 3902 illud
332 3840 385 3902 Pr.
402 3839 450 3904 III
476 3847 586 3924 18,10,
609 3842 725 3905 ‘Errat
749 3849 783 3906 et
798 3841 842 3904 in
858 3848 972 3906 vestro
997 3840 1137 3927 spiritus
1160 3840 1219 3904 ille
1243 3839 1341 3902 lacu’.

172 3945 424 4031 comparabitur
447 3970 524 4011 cum
547 3971 595 4015 vs.
619 3948 691 4012 Tib.
715 3948 729 4012 I
756 3954 804 4031 10,
823 3955 863 4012 88
889 3947 1006 4012 ‘Errat
1029 3947 1072 4012 ad
1096 3946 1257 4013 obscuros
1269 3942 1342 4032 pal·

171 4051 249 4116 lida
264 4051 366 4116 turba
388 4053 503 4118 lacus'.
575 4058 579 4073 '
1175 4067 1179 4082 ²

260 4158 319 4222 At‘
331 4159 397 4224 loci
411 4161 648 4247 propinquitas
665 4168 868 4246 agnoscatur
882 4183 1019 4226 necesse
1035 4169 1086 4225 est
1109 4183 1157 4225 vs.
1173 4161 1227 4224 Pr.
1244 4158 1260 4224 I
1276 4166 1305 4242 3,
1323 4167 1343 4230 6,

173 4264 314 4330 ‘Edonis
341 4265 442 4330 fessa.
459 4267 587 4334 choreis
612 4267 728 4344 Qualis
756 4268 792 4332 in
822 4267 965 4334 herboso
989 4267 1138 4332 concidit
1161 4261 1342 4354 Apidano*¹
