3008 4928
530 281 884 343 Ι--18-·-

244 503 247 514 .
266 455 598 541 1κἹ1ς(1,1111111111111111
614 455 710 521 deest
726 455 924 542 exemplum,
934 477 1003 520 non
1019 453 1110 540 quod
1119 455 1359 520 Lachmannus

185 563 389 650 particulam
411 563 477 627 ‘at'¹
497 562 684 648 quidquam
707 561 808 645 aliud,
832 583 934 647 quam
957 561 1230 647 indignationem
1252 561 1358 648 signi-

131 725 134 732 ,
185 669 287 746 ficare
309 676 504 755 negaverat,
526 669 611 734 mihi
633 669 794 757 persuasi
816 689 838 732 a
859 667 1038 754 Propertio
1061 668 1227 756 scriptum
1251 691 1322 734 esse

218 804 233 836 κ
278 799 322 842 vs.
345 776 381 840 Π
407 781 498 860 27,1
534 776 594 840 ‘Et
615 798 677 842 vos
699 776 873 858 incertam,
895 775 1063 858 mortales,
1086 773 1216 840 funeris
1239 775 1359 840 horam

297 882 477 966 Quaeritis,
501 888 536 947 et
560 904 626 966 qua
649 881 695 946 sit
717 904 806 946 mors
830 880 965 946 aditura
987 881 1061 946 via’.

273 989 353 1054 Huc
376 989 515 1073 accedit,
539 989 631 1074 quod
654 987 844 1053 sententiae
866 987 1019 1073 gravitas
1042 1009 1111 1052 non
1134 987 1171 1052 in
1186 1009 1270 1053 voce
1287 987 1356 1052 ‘At'

185 1097 257 1162 sive
280 1096 352 1161 ‘Et'
376 1097 473 1179 inest,
497 1095 556 1161 sed
579 1096 693 1183 potius
717 1093 872 1160 consistit
894 1095 932 1158 in
953 1094 1153 1181 pronomine
1177 1095 1277 1178 ‘vos’,
1302 1097 1357 1160 cui

185 1203 340 1292 opposita
362 1209 443 1270 sunt
466 1201 571 1268 verba
595 1201 706 1268 ‘Solus
730 1225 844 1268 amans
867 1201 977 1268 novit’
1001 1224 1049 1266 vs.
1076 1207 1125 1266 11.

275 1309 404 1388 Quodsi
434 1316 527 1374 recte
555 1308 729 1397 disputavi
761 1308 804 1374 de
835 1328 900 1374 usu
926 1308 1175 1374 coniunctionis
1202 1307 1281 1391 ‘Au
1313 1331 1357 1372 ne

183 1415 484 1504 Heydenreiohffl)
508 1416 646 1502 quidem
670 1416 864 1482 coniectura
880 1414 949 1480 ‘At'
973 1437 1056 1502 opus
1081 1421 1132 1480 est
1151 1437 1199 1480 vs.
1216 1415 1252 1480 II
1269 1421 1318 1499 10,
1337 1421 1354 1478 1

208 1553 211 1566 ·
262 1552 264 1556 ·
295 1524 380 1590 used
401 1530 536 1611 tempus
558 1523 704 1590 lustrare
727 1523 803 1588 aliis
825 1522 993 1587 Helicona
1016 1520 1168 1586 choreis’.

185 1653 252 1717 quo
284 1631 327 1696 de
359 1631 446 1714 loce,
479 1653 556 1696 cum
587 1653 707 1718 poema
738 1629 776 1694 111
808 1629 879 1695 cod.
905 1627 1008 1693 Grou.
1041 1627 1272 1714 superioribus
1304 1629 1356 1692 in-

182 1739 350 1821 iunctum,
378 1738 415 1802 in
439 1737 510 1802 cod.
534 1738 639 1825 Neap.
663 1759 683 1801 a
710 1734 992 1824 praecedentibus
1013 1734 1199 1800 interstitio
1223 1757 1356 1822 separa-

182 1852 257 1910 tum
280 1844 332 1928 sit,
357 1843 544 1930 quidquam
567 1843 654 1908 certi
677 1843 846 1930 explorari
868 1842 928 1907 vix
950 1842 1086 1928 poterit.
1131 1841 1220 1905 Mihi
1241 1848 1356 1906 autem

182 1973 254 2016 non
276 1949 418 2016 dubium
441 1957 500 2033 est,
525 1951 608 2039 quin
630 1949 753 2016 vocula
776 1949 859 2014 ‘sed'
883 1949 992 2015 multo
1015 1950 1144 2033 melius,
1168 1973 1270 2034 quam
1289 1950 1356 2032 ‘at',

182 2058 282 2123 initio
306 2057 463 2122 carminis
490 2058 603 2122 locum
630 2057 681 2122 ita
703 2055 840 2139 habeat,
873 2063 913 2121 ut
940 2055 1057 2122 eadem
1088 2057 1221 2122 ratione
1252 2063 1356 2142 atque

182 2164 350 2253 particula
373 2165 480 2250 ‘ergo'
505 2164 729 2250 cogitationes
751 2163 789 2228 in
804 2169 924 2250 poetae
939 2169 1076 2250 pectore
1092 2164 1227 2228 volutas
1250 2163 1356 2228 inter-

181 2271 295 2364 rumpi
317 2271 498 2356 significet.
544 2269 626 2354 (cfr.
651 2291 738 2355 quae
761 2269 901 2357 exposui
923 2293 954 2356 p.
980 2272 1043 2352 22.)

274 2385 301 2442 5.
333 2377 517 2442 Enuntiati
539 2375 686 2442 formula
710 2377 751 2440 ‘si
776 2377 871 2463 (non)
896 2415 938 2424 —
961 2376 1009 2440 at'
1034 2374 1176 2441 offertur
1198 2375 1248 2440 IV
1266 2383 1294 2459 7,
1313 2383 1354 2442 29

183 2483 234 2549 ‘Si
248 2483 364 2571 piguit
378 2490 494 2571 portas
509 2483 700 2571 procedere,
714 2489 750 2548 at
763 2482 850 2548 illud
865 2481 935 2565 (sic,
949 2503 1019 2547 non
1028 2481 1135 2546 ‘illuc'
1145 2481 1355 2548 Ribbeckius

181 2590 309 2656 lectum
323 2591 413 2677 vult)
429 2590 608 2656 Iussisses’.
641 2590 659 2654 I
676 2597 704 2672 5,
722 2596 740 2653 9
759 2588 871 2665 ‘Quod
885 2588 915 2652 si
931 2639 956 2652 ..
972 2611 1041 2654 non
1057 2639 1082 2654 ..
1098 2587 1170 2657 At'.
1197 2589 1248 2655 IV
1265 2597 1293 2672 4,
1310 2597 1352 2654 57

183 2696 367 2764 ί8111111111
390 2698 449 2764 at'.
1075 2721 1076 2728 ¹

215 2861 217 2866 .
270 2805 378 2870 Paulo
401 2804 602 2890 exquisitius
627 2810 686 2886 est,
710 2802 802 2888 quod
825 2802 1023 2890 Propertius
1046 2803 1226 2890 usurpavit
1250 2803 1356 2888 ‘quod

181 2932 253 2975 non
275 2895 317 2959 -’
342 2911 403 2975 at':
450 2911 505 2976 HI
529 2917 601 2994 2,9

293 3017 406 3094 ‘Quod
428 3041 498 3082 non
520 3016 694 3082 Taenariis
718 3015 836 3081 domus
860 3023 912 3081 est
933 3015 1019 3080 mihi
1041 3013 1131 3080 fulta
1154 3017 1327 3100 columnis,

292 3123 364 3188 Nec
388 3147 519 3189 camera
543 3131 677 3188 auratas
700 3123 791 3188 inter
814 3120 943 3188 eburna
965 3121 1079 3188 trabes
1103 3174 1109 3186 .
1133 3173 1154 3206 .,

179 3242 181 3245 ’
291 3229 342 3296 At
364 3253 479 3296 musae
502 3231 642 3296 comites
666 3237 701 3295 et
724 3230 875 3296 carmina
897 3236 996 3316 grata
1017 3229 1170 3315 legenti’.

182 3337 238 3402 cui
246 3337 410 3422 loquendi
418 3335 585 3402 formulae
595 3337 738 3402 Ovidius
752 3336 916 3423 praetulit
931 3335 1055 3401 ‘Sinon
1064 3375 1108 3385 —-
1119 3335 1162 3400 at'
1179 3334 1255 3400 Am.
1265 3335 1283 3400 I
1294 3342 1322 3418 3,
1335 3343 1352 3400 7

292 3445 344 3510 ‘Si
365 3467 419 3508 me
442 3467 512 3510 non
534 3451 690 3510 veterum
713 3443 952 3508 commendant
974 3462 1100 3528 magna
1121 3449 1304 3528 parentum

291 3551 437 3617 Nomina
461 3604 468 3617 .
492 3604 498 3618 .
521 3551 593 3616 Nec
615 3573 709 3616 meus
732 3550 919 3616 innumeris
942 3556 1126 3616 renovatur
1150 3571 1287 3636 campus

820 3656 1002 3722 aratris..

290 3763 340 3830 At
363 3763 521 3830 Phoebus
544 3764 751 3848 comitesque
773 3785 896 3829 novem
918 3763 1068 3847 vitisque
1091 3761 1266 3848 repertor’.

209 3937 213 3944 ,
271 3879 299 3936 6.
332 3871 507 3958 Singulari
535 3871 624 3954 voci,
654 3893 740 3956 quae
762 3869 1008 3957 praemittitur,
1037 3867 1252 3934 adversativa
1276 3875 1355 3932 o'on·

179 3977 310 4043 iunctio
335 3979 477 4066 opponit
501 3978 690 4063 sequentia:
723 3977 778 4040 III
802 3984 830 4060 6,
854 3984 896 4041 32
921 3977 1048 4040 ‘Poena
1072 3975 1137 4040 erit
1159 3981 1239 4040 ante
1261 3995 1354 4038 meos

179 4107 261 4168 sera,
285 4084 345 4150 sed
367 4086 488 4173 ampla,
510 4085 635 4172 pedes'.
670 4091 721 4168 18,
746 4091 796 4148 22.
834 4083 885 4150 IV
905 4089 935 4166 1,
958 4089 998 4148 98
1024 4081 1136 4165 ‘Vera
1159 4081 1219 4146 sed
1241 4079 1353 4147 invito

180 4191 328 4278 contigit
354 4193 421 4257 ista
442 4191 549 4256 fides’.
597 4198 630 4276 8,
655 4199 706 4256 32.
751 4189 803 4254 Ne
828 4189 889 4254 ‘at’
914 4188 1052 4273 quidem
1080 4194 1195 4252 noster
1222 4186 1354 4275 sprevit

271 4334 291 4403 ¹)
310 4333 511 4402 Heydeureich,
530 4335 637 4403 quaest.
660 4332 738 4402 Prep.
760 4330 828 4386 1875
846 4347 873 4400 p.
887 4329 930 4384 22.
