3008 4928
647 259 919 318 „15....

427 485 459 556 0.
492 485 536 556 ne
559 485 838 556 coniunctionibus
861 484 1089 556 0110110111ῑο

263 650 291 712 1.
323 643 531 710 Particulam
554 643 606 710 ‘at'
629 651 750 732 poetae
772 643 894 728 rarius,
924 666 1026 730 quam
1048 643 1125 709 ‘sed'
1148 651 1345 733 postposue-

170 759 263 819 runt.
302 751 500 817 Cuiusmodi
522 751 605 817 locis
629 751 671 816 ab
693 751 833 816 Handic
850 751 868 816 I
885 759 948 818 442
973 751 1182 840 depromptis
1206 774 1249 816 ex
1263 751 1345 818 Hor.

168 860 258 926 Stat.
282 859 473 945 Flaccoque
496 858 558 925 hos
582 858 707 924 addere
733 859 842 925 invat.
866 859 940 925 Oet.
966 867 1016 943 64,
1040 866 1091 943 43,
1117 865 1167 924 58.
1213 859 1275 926 Ov,
1304 881 1346 924 ex

172 969 284 1033 Ponto
307 966 358 1033 IV
382 974 410 1051 9,
436 973 485 1032 23.
524 966 768 1052 Verg.Ecl.X
792 972 843 1034 31.
881 966 969 1032 VIII
989 973 1041 1032 49.
1078 965 1148 1032 VH
1172 972 1223 1032 67.
1260 961 1346 1032 Aen.

173 1073 332 1140 vnsoo.
364 1073 510 1138 xirse.
543 1072 826 1160 Georgfflem.
858 1073 981 1139 Horat.
998 1073 1147 1158 80112,
1164 1082 1216 1139 47.
1247 1073 1346 1160 Prop.

173 1180 224 1245 IV
241 1184 269 1264 1,
295 1187 349 1263 955
375 1186 424 1265 10,
449 1187 500 1247 23.
532 1179 699 1245 Discessit
714 1181 913 1266 Propertius
929 1203 950 1246 a
965 1187 1155 1246 ceterorum
1169 1187 1347 1268 poetarum

174 1309 250 1370 usu,
279 1286 371 1371 quod
398 1287 502 1351 semel
524 1293 660 1352 tantum
688 1287 846 1352 voculam
874 1286 949 1352 ‘sed’
983 1287 1177 1375 postposuit
1200 1287 1218 1351 I
1242 1296 1270 1370 4,
1297 1293 1347 1352 11.

263 1399 292 1458 2.
324 1393 366 1458 In
381 1415 499 1459 versus
521 1392 591 1457 fine
607 1415 722 1459 omnes
745 1400 865 1480 poetae
889 1393 1074 1459 elocutioni
1097 1397 1142 1459 ‘at
1164 1393 1231 1458 ille'
1254 1391 1347 1459 fave-

173 1505 263 1584 runt,
288 1498 446 1584 quocirca
472 1499 654 1565 lectionem
681 1500 849 1584 codicum,
879 1499 1011 1566 etiamsi
1038 1500 1278 1564 Lachmannus
1301 1522 1347 1565 an

173 1606 293 1671 melius
318 1607 369 1671 ‘et’
393 1605 610 1672 scribendum
634 1615 733 1689 esset,
765 1606 998 1691 dubitaverat,
1021 1607 1230 1672 recentiores
1253 1613 1346 1673 10010

172 1720 383 1801 receperunt.
429 1714 570 1778 Praeter
596 1713 687 1778 locos
716 1713 767 1779 IV
795 1723 829 1797 4,
860 1720 899 1779 15
930 1721 965 1779 01
993 1714 1044 1779 IV
1074 1723 1106 1798 7,
1137 1719 1176 1778 11
1207 1713 1276 1800 iam
1303 1712 1346 1780 ab

173 1819 314 1886 Handio
336 1819 493 1885 laudatos
516 1819 706 1884 adscribam
728 1818 798 1886 hos.
843 1819 879 1884 H
903 1827 953 1897 26,
979 1827 1020 1885 49

285 1927 373 1992 ‘Jam
396 1927 478 1992 deus
503 1927 660 2014 amplexu
683 1933 803 1992 votum
826 1927 1004 2014 persolvit:
1028 1935 1064 1992 01
1086 1926 1139 1994 illi

284 2033 399 2099 Aurea
416 2034 550 2100 divinas
573 2056 660 2098 urna
681 2033 837 2121 profudit
861 2035 983 2119 aquas'.
1022 2033 1233 2100 (11111111
1251 2040 1278 2118 3,
1296 2041 1346 2099 36.

264 2141 384 2227 Neque
413 2163 547 2206 causam
573 2141 687 2225 video,
722 2164 782 2206 cur
810 2142 967 2229 plerique
1000 2141 1112 2207 critici
1144 2141 1348 2229 scripturam

172 2249 304 2337 optime
327 2247 489 2313 traditam
511 2249 729 2334 neglexerint
751 2271 798 2314 vs.
823 2249 859 2312 II
885 2257 935 2333 29,
961 2255 1001 2314 11

287 2355 363 2419 ‘Hic
386 2356 473 2420 alter
495 2355 592 2420 iubet
614 2356 652 2419 in
666 2355 824 2424 medium
847 2356 1045 2443 propellere,
1069 2363 1105 2422 01
1128 2357 1231 2423 alter’.

246 2462 351 2527 *Nam
375 2484 451 2526 oum
474 2462 638 2526 Horatius
661 2484 731 2526 non
754 2463 922 2548 spreverit
944 2463 982 2526 in
1006 2470 1155 2529 extremo
1179 2485 1281 2528 versu
1304 2466 1348 2528 ‘et

171 2569 279 2654 alter',
304 2569 446 2634 Ovidius
463 2576 498 2634 01
513 2571 711 2657 Propertius
734 2568 881 2634 formula
905 2573 949 2636 ‘at
969 2571 1065 2636 alter’
1089 2572 1160 2636 sola
1182 2571 1236 2636 usi
1259 2577 1348 2636 sunt.

173 2676 257 2742 Met.
280 2675 331 2740 IV
356 2682 418 2740 614

287 2783 478 2869 ‘Impositus
502 2783 570 2847 iam
593 2783 685 2848 caelo
710 2790 760 2848 001
784 2784 883 2848 01101;
907 2787 944 2848 01
967 2784 1070 2850 alter'.
1116 2785 1171 2850 XI
1196 2791 1257 2850 638

286 2889 434 2974 ,sedhic
535 2890 688 2955 homines
711 2890 880 2956 imitatur:
905 2898 940 2956 01
963 2892 1066 2958 alter'.

266 3003 295 3061 3.
328 2997 545 3085 Synaloepha
568 3004 701 3062 coactos
724 3005 841 3085 poetas
865 2998 969 3063 etiam
991 2998 1060 3062 ‘sed
1082 2999 1149 3063 ille'
1173 2997 1208 3064 in
1231 3021 1348 3065 versus

172 3103 271 3168 exitu
294 3103 445 3191 posuisse
468 3103 552 3168 haec
575 3104 728 3192 exempla
752 3103 932 3170 docebunt.
978 3105 1075 3191 Prop.
1099 3105 1117 3168 I
1141 3113 1192 3190 20,
1217 3112 1258 3169 49

287 3211 495 3298 ‘Prolapsum
517 3211 640 3276 leviter
662 3209 757 3276 facili
779 3218 914 3276 traxere
936 3211 1081 3296 liquore:

287 3316 375 3380 Tum
398 3317 547 3381 sonitum
570 3324 668 3404 rapto
693 3340 833 3404 corpore
856 3317 941 3383 fecit
963 3319 1082 3405 Hylas.

287 3422 352 3487 Oui
374 3424 493 3509 procul
516 3423 654 3488 Alcides
677 3425 781 3488 iterat
804 3447 978 3512 responsa:
1002 3425 1062 3490 sed
1084 3425 1136 3489 illi

287 3527 420 3594 Nomen
444 3529 486 3594 ab
511 3530 670 3595 extremis
693 3529 848 3595 fontibus
873 3553 956 3596 aura
978 3530 1099 3597 refert’.

179 3635 355 3702 Vahlenus
371 3643 406 3701 et
420 3637 565 3702 Mueller
586 3639 829 3703 correctionem
849 3639 996 3726 Hauptii
1019 3639 1137 3723 iterat,
1160 3644 1348 3726 responset:

174 3748 213 3807 01
235 3740 297 3806 illi’
325 3751 535 3830 recepenmt.
581 3744 762 3812 Adductus
796 3751 908 3810 autem
930 3745 1103 3832 Hauptius
1127 3752 1178 3811 est
1202 3745 1246 3810 ad
1269 3767 1350 3811 con·

177 3849 342 3915 iacturam
365 3873 471 3936 suam,
502 3852 594 3936 quod
622 3853 790 3918 ‘sonitum’
819 3853 861 3916 de
884 3853 997 3938 Hylae
1026 3853 1171 3918 clamore
1193 3852 1351 3939 intellegi

176 3957 415 4023 Lachmannus
439 3981 509 4024 non
532 3959 706 4026 concessit.
750 3959 865 4024 Minus
888 3968 989 4043 10010,
1013 3959 1042 4024 si
1065 3959 1207 4044 quidem
1229 3959 1347 4024 similis

178 4071 289 4130 exstat
311 4065 459 4151 Vergilii
485 4065 578 4130 locus
603 4065 726 4152 Georg.
754 4065 805 4131 IV
830 4073 907 4150 333,
936 4065 997 4130 ubi
1024 4074 1138 4154 00010,
1166 4073 1349 4154 postquam

177 4169 373 4236 Aristaeum
395 4170 479 4236 fecit
503 4179 713 4256 querentem,
742 4173 857 4259 pergit
886 4172 944 4237 ‘At
966 4180 1075 4238 mater
1098 4173 1248 4238 sonitum
1274 4173 1349 4238 tha-

174 4278 263 4344 lamo
287 4277 349 4342 sub
373 4277 522 4343 fluminis
546 4279 608 4343 alti
631 4279 762 4343 Sensit'.
