3008 4928
546 217 875 286 ·-ss-

289 393 348 458 ‘Et
371 393 497 458 struxit
521 385 676 478 querulas
699 416 800 458 rauca
823 416 883 480 per
906 393 1011 476 ossa¹)
1035 393 1156 458 tubas’.
1184 400 1190 424 ²

223 569 226 575 ,
247 522 249 526 ’
267 499 365 576 Quod
381 500 518 565 Lachm.
535 500 591 565 cui
599 501 727 587 Haupt.
744 507 778 564 et
787 499 884 564 Vahl.
902 501 1028 564 assensi
1043 507 1132 583 sunt,
1148 500 1228 564 val
1244 505 1292 582 15,
1305 506 1345 566 21

249 665 251 668 .
289 605 464 692 ‘Coniugis
487 606 631 672 Euadne
653 607 792 670 miseros
816 606 904 674 elata
921 627 988 692 ,per
1010 606 1107 691 ignes
1130 605 1286 672 Occidit’.

178 710 316 789 ‘ablata’
340 713 529 800 scripserat,
552 712 691 777 Hertzb.
707 734 843 799 operam
867 711 970 795 dedit,
993 720 1033 776 ut
1057 712 1212 778 codicum
1230 713 1348 778 lectio-

178 839 256 882 nem
287 816 494 884 defenderet.
549 819 618 884 Sed
648 819 749 883 huius
781 819 977 906 interpretis
1009 826 1112 904 atque
1143 819 1348 886 Baehrentis

178 925 301 1012 opini0,
319 926 429 1004 ¹verba
453 929 526 1013 ‘per
549 925 659 1012 ignes'
676 947 753 989 cum
769 925 920 990 ‘occidit'
944 926 1050 990 artius
1074 949 1145 990 esse
1165 926 1348 1012 iungenda,

177 1031 255 1096 ideo
278 1056 347 1098 non
369 1033 494 1120 placet,
524 1033 604 1117 quia
625 1033 737 1097 locum
760 1032 811 1096 illi
834 1032 1043 1096 simillimum
1065 1033 1183 1098 inveni
1210 1047 1261 1121 ap.
1286 1034 1347 1100 Ov.

177 1138 258 1203 Met.
275 1140 325 1205 Vl
342 1147 404 1206 282
430 1141 590 1224 “Corque
612 1139 723 1204 ferum
746 1140 844 1206 satia'
869 1139 957 1204 dixit
982 1143 1054 1227 ‘per
1077 1138 1198 1206 funera
1218 1149 1348 1228 septem

132 1314 134 1318 ,
177 1245 346 1321 Efferor.'’
398 1247 498 1324 Quod
530 1247 743 1312 enuntiatum
775 1247 993 1333 praecedenti
1024 1246 1220 1313 hexametro
1251 1251 1348 1312 uncis

178 1351 308 1431 incluso
331 1353 514 1418 Merkelius
538 1354 705 1418 intactum
727 1353 875 1438 reliquit.

268 1467 295 1524 5.
335 1462 424 1526 Post.

196 1626 199 1632 .
267 1570 298 1648 a)
331 1569 397 1632 Pro
420 1567 566 1634 formula
590 1573 621 1633 ‘a
643 1569 754 1654 tergc’
780 1568 925 1633 elocutio
949 1571 1038 1655 ‘post
1058 1569 1168 1654 terga'
1184 1575 1347 1656 usurpata

178 1680 335 1760 apparet:
381 1677 435 1740 Pr.
464 1676 579 1759 1110,
605 1683 654 1740 13.
706 1676 766 1740 Ov.
789 1676 881 1739 Fast.
909 1675 959 1739 IV
985 1681 1056 1741 281.
1102 1675 1182 1740 Met.
1210 1675 1246 1739 Π
1276 1681 1349 1760 187.

179 1779 297 1844 Iuven.
321 1781 412 1845 XIII
438 1789 487 1847 16.
775 1867 780 1876 Ι

267 1887 302 1970 b)
335 1889 465 1976 Optimi
488 1891 617 1955 solutae
640 1889 802 1954 orationis
823 1891 1003 1976 scriptores
1019 1889 1236 1975 participium
1252 1888 1348 1952 addi-

179 1992 307 2059 dissent
334 1995 371 2060 in
398 1997 450 2062 his
479 1997 654 2084 exemplis:
687 1998 741 2062 Pr.
764 1997 819 2060 III
844 2003 888 2080 1,
902 2004 942 2061 36
976 1996 1091 2060 ‘lllum
1118 2002 1195 2082 post
1219 1996 1347 2060 cineres

179 2122 328 2186 auguror
354 2103 427 2191 ipse
450 2104 561 2169 diem’.
609 2105 669 2169 Ov.
692 2105 747 2168 Ex
769 2105 805 2167 P.
829 2103 880 2168 IV
906 2109 959 2185 16,
987 2110 1025 2166 13
1060 2103 1246 2186 ‘Famaque
1271 2109 1347 2189 post

179 2207 309 2273 cineres
331 2211 438 2275 maior
460 2211 577 2276 venit’.
623 2211 703 2276 Met.
727 2210 814 2276 VIII
838 2217 911 2275 539.
948 2209 1047 2274 Mart.
1071 2209 1089 2273 I
1116 2216 1141 2292 1,
1168 2217 1195 2273 6.

268 2317 312 2402 c)'
331 2317 373 2380 In
395 2340 443 2382 vs.
459 2318 495 2382 Π
519 2326 546 2401 3,
572 2325 612 2383 32
638 2319 732 2383 ‘Post
747 2318 914 2382 Helenam
937 2316 1020 2380 haec
1043 2317 1143 2381 terris
1166 2315 1275 2380 forma
1298 2340 1348 2381 se-

178 2421 290 2486 cunda
305 2423 417 2487 redit’.
436 2426 641 2511 praepositio
657 2424 894 2512 principatum,
911 2446 1011 2507 quem
1028 2423 1103 2507 quis
1120 2421 1224 2506 tenet,
1241 2424 1348 2509 signi-

177 2526 265 2594 ficat.
299 2529 366 2605 Qui
388 2553 468 2594 usus
492 2553 568 2596 cum
582 2553 650 2595 uno
666 2531 748 2595 Hor.
772 2530 845 2594 loco
868 2529 922 2593 HI
939 2536 967 2612 9,
986 2537 1003 2593 6
1028 2529 1070 2593 ab
1087 2529 1225 2594 Handio
1246 2536 1348 2614 atque

178 2634 427 2722 lexicographis
443 2637 546 2702 allato
563 2637 807 2724 comprobetur,
824 2636 906 2700 alios
923 2636 1080 2721 adiungo.
1101 2636 1252 2701 Ov.Met.
1263 2636 1296 2701 V
1306 2643 1346 2701 97

290 2742 499 2830 ‘Cephenum
522 2751 600 2830 post
621 2767 736 2829 regem
758 2743 887 2830 primus
911 2743 1077 2808 Hoditcs'.
1124 2743 1178 2806 Tr.
1202 2743 1234 2808 V
1251 2750 1279 2826 9,
1305 2749 1348 2808 12

289 2847 423 2914 ‘Gratia
445 2857 522 2936 post
545 2873 685 2936 magnos
710 2855 759 2914 est
782 2849 848 2914 tibi
871 2848 1026 2914 habenda
1050 2847 1150 2914 deos'.

268 2961 295 3018 6.
329 2955 458 3020 Vocula
482 2958 647 3045 ‘propter’
670 2957 806 3022 finalem
829 2956 1002 3020 notionem
1027 2955 1195 3020 contineri
1218 2955 1259 3020 ab
1277 2978 1346 3021 om·

180 3059 281 3125 nibus
305 3061 413 3126 doctis
436 3071 599 3149 negatum
622 3069 681 3128 est.
726 3061 775 3128 At
799 3061 975 3127 considera
998 3085 1045 3126 vs.
1069 3063 1123 3125 Pr.
1147 3062 1183 3125 H
1208 3069 1236 3144 9,
1261 3070 1301 3127 25

289 3169 396 3234 ‘Haec
418 3170 504 3234 mihi
526 3177 607 3234 vota
629 3177 723 3234 tuam
746 3176 886 3256 propter
909 3175 1064 3254 suscepta
1087 3168 1262 3232 salutem?'

178 3273 297 3358 Neque
312 3276 425 3340 minus
441 3276 603 3341 Ovidium
618 3276 704 3340 hanc
720 3275 884 3360 loquendi
899 3275 1072 3339 licentiam
1087 3273 1153 3338 sibi
1169 3275 1348 3363 sumpsisse

178 3379 207 3444 is
231 3383 401 3466 concedet,
425 3383 485 3466 qui
507 3405 555 3447 vs.
581 3382 680 3447 I‘rist.
704 3383 740 3446 H
764 3389 826 3446 375

289 3487 370 3553 ‘Aut
394 3489 477 3573 quid
501 3489 650 3575 Odyssea
674 3497 732 3572 est,
756 3488 824 3552 nisi
847 3487 973 3552 femina
996 3494 1137 3573 propter
1160 3509 1316 3569 amorem,

288 3596 380 3660 Dum
402 3596 457 3660 vir
481 3595 584 3680 abest,
606 3597 723 3660 multis
746 3617 814 3660 una
837 3594 945 3681 petita
968 3593 1111 3681 procis?'

178 3701 390 3766 voluntatem
413 3724 593 3789 procorum
616 3710 650 3768 et
672 3710 792 3790 poetae
816 3701 993 3766 consilium
1017 3700 1246 3786 exemplorum
1271 3722 1348 3787 pro·

177 3808 425 3895 ponendorum,
454 3833 539 3895 quae
563 3809 699 3874 Caesari
721 3807 947 3895 persuadeant
976 3807 1017 3871 de
1041 3807 1184 3872 aliorum
1207 3806 1347 3892 scripto·

178 3935 253 3978 rum
276 3915 370 4001 turpi
393 3923 603 4002 argumento,
626 3915 793 4009 respiciet.

269 4165 289 4233 1)
308 4162 362 4216 (111.
376 4161 531 4228 Bluemnar,
550 4159 736 4232 'l'echirologie
748 4181 773 4217 u.
788 4160 991 4231 Terminologie
1010 4159 1035 4213 d.
1050 4160 1181 4216 Gawerbe
1199 4179 1225 4216 u.
1238 4159 1346 4216 Kflnste

178 4251 224 4306 bei
242 4251 286 4306 Gr.
305 4269 332 4306 u.
351 4252 429 4306 Rom.
466 4252 492 4304 Il
514 4271 541 4322 p.
556 4253 616 4306 396.
636 4252 696 4308 394.
