<?xml version="1.0" encoding="UTF-8"?>
<!DOCTYPE html PUBLIC "-//W3C//DTD XHTML 1.0 Transitional//EN"
    "http://www.w3.org/TR/xhtml1/DTD/xhtml1-transitional.dtd">
<html xmlns="http://www.w3.org/1999/xhtml" xml:lang="en" lang="en">
 <head>
  <title>
</title>
<meta http-equiv="Content-Type" content="text/html;charset=utf-8" />
  <meta name='ocr-system' content='tesseract 3.04.00' />
  <meta name='ocr-capabilities' content='ocr_page ocr_carea ocr_par ocr_line ocrx_word'/>
</head>
<body>
  <div class='ocr_page' id='page_1' title='image "./desermoneproper01spangoog_0041.png"; bbox 0 0 3008 4928; ppageno 0'>
   <div class='ocr_carea' id='block_1_1' title="bbox 622 240 891 326">
    <p class='ocr_par' dir='ltr' id='par_1_1' title="bbox 622 240 891 326">
     <span class='ocr_line' id='line_1_1' title="bbox 622 240 891 326; baseline 0 -28"><span class='ocrx_word' id='word_1_1' title='bbox 622 240 891 326; x_wconf 32' lang='lat'>-30-,</span> 
     </span>
    </p>
   </div>
   <div class='ocr_carea' id='block_1_2' title="bbox 146 383 1326 2097">
    <p class='ocr_par' dir='ltr' id='par_1_2' title="bbox 252 383 1322 712">
     <span class='ocr_line' id='line_1_2' title="bbox 252 383 1322 495; baseline 0 -19"><span class='ocrx_word' id='word_1_2' title='bbox 252 410 289 476; x_wconf 91' lang='lat' dir='ltr'>H</span> <span class='ocrx_word' id='word_1_3' title='bbox 314 418 364 494; x_wconf 83' lang='grc'>26,</span> <span class='ocrx_word' id='word_1_4' title='bbox 389 416 429 476; x_wconf 84' lang='grc'>41</span> <span class='ocrx_word' id='word_1_5' title='bbox 456 411 533 476; x_wconf 85' lang='lat' dir='ltr'>‘Illa</span> <span class='ocrx_word' id='word_1_6' title='bbox 555 411 639 476; x_wconf 86' lang='lat' dir='ltr'>meis</span> <span class='ocrx_word' id='word_1_7' title='bbox 661 383 800 476; x_wconf 83' lang='lat' dir='ltr'>tantuin</span> <span class='ocrx_word' id='word_1_8' title='bbox 822 433 891 476; x_wconf 92' lang='lat' dir='ltr'>non</span> <span class='ocrx_word' id='word_1_9' title='bbox 914 433 1067 495; x_wconf 90' lang='lat' dir='ltr'>unquam</span> <span class='ocrx_word' id='word_1_10' title='bbox 1090 410 1179 476; x_wconf 84' lang='lat' dir='ltr'>desit</span> <span class='ocrx_word' id='word_1_11' title='bbox 1197 411 1322 494; x_wconf 82' lang='lat' dir='ltr'>ocellis,</span> 
     </span>
     <span class='ocr_line' id='line_1_3' title="bbox 253 516 1321 605; baseline 0.002 -23"><span class='ocrx_word' id='word_1_12' title='bbox 253 517 421 582; x_wconf 85' lang='lat' dir='ltr'>Incendat</span> <span class='ocrx_word' id='word_1_13' title='bbox 443 539 566 583; x_wconf 83' lang='lat' dir='ltr'>navem</span> <span class='ocrx_word' id='word_1_14' title='bbox 581 517 744 605; x_wconf 74' lang='lat' dir='ltr'>luppiter</span> <span class='ocrx_word' id='word_1_15' title='bbox 766 517 839 604; x_wconf 87' lang='lat' dir='ltr'>ipse</span> <span class='ocrx_word' id='word_1_16' title='bbox 853 517 957 582; x_wconf 89' lang='lat' dir='ltr'>licet’.</span> <span class='ocrx_word' id='word_1_17' title='bbox 981 516 1050 582; x_wconf 82' lang='lat' dir='ltr'>Ofr.</span> <span class='ocrx_word' id='word_1_18' title='bbox 1067 517 1127 584; x_wconf 81' lang='lat' dir='ltr'>Ov.</span> <span class='ocrx_word' id='word_1_19' title='bbox 1143 519 1239 584; x_wconf 82' lang='lat' dir='ltr'>Rem</span> <span class='ocrx_word' id='word_1_20' title='bbox 1257 525 1321 584; x_wconf 79' lang='grc'>390</span> 
     </span>
     <span class='ocr_line' id='line_1_4' title="bbox 253 623 1077 712; baseline 0 -24"><span class='ocrx_word' id='word_1_21' title='bbox 253 624 376 690; x_wconf 80' lang='lat' dir='ltr'>‘Maius</span> <span class='ocrx_word' id='word_1_22' title='bbox 400 625 473 708; x_wconf 85' lang='lat' dir='ltr'>erit,</span> <span class='ocrx_word' id='word_1_23' title='bbox 496 631 632 690; x_wconf 91' lang='lat' dir='ltr'>tantum</span> <span class='ocrx_word' id='word_1_24' title='bbox 655 647 722 709; x_wconf 92' lang='lat' dir='ltr'>quo</span> <span class='ocrx_word' id='word_1_25' title='bbox 745 623 832 712; x_wconf 85' lang='lat' dir='ltr'>pede</span> <span class='ocrx_word' id='word_1_26' title='bbox 856 624 977 712; x_wconf 89' lang='lat' dir='ltr'>coepit,</span> <span class='ocrx_word' id='word_1_27' title='bbox 1000 625 1077 690; x_wconf 88' lang='lat' dir='ltr'>cat’.</span> 
     </span>
    </p>

    <p class='ocr_par' dir='ltr' id='par_1_3' title="bbox 146 730 1322 923">
     <span class='ocr_line' id='line_1_5' title="bbox 237 730 1322 818; baseline 0 -22"><span class='ocrx_word' id='word_1_28' title='bbox 237 737 264 796; x_wconf 92' lang='grc'>7.</span> <span class='ocrx_word' id='word_1_29' title='bbox 310 731 430 816; x_wconf 80' lang='lat' dir='ltr'>Neque</span> <span class='ocrx_word' id='word_1_30' title='bbox 466 731 561 796; x_wconf 86' lang='lat' dir='ltr'>illam</span> <span class='ocrx_word' id='word_1_31' title='bbox 597 731 854 818; x_wconf 69' lang='lat' dir='ltr'>proprietatem⁴</span> <span class='ocrx_word' id='word_1_32' title='bbox 875 731 1054 816; x_wconf 87' lang='lat' dir='ltr'>quisquam</span> <span class='ocrx_word' id='word_1_33' title='bbox 1078 730 1322 797; x_wconf 86' lang='lat' dir='ltr'>animadvertit</span> 
     </span>
     <span class='ocr_line' id='line_1_6' title="bbox 146 836 835 923; baseline 0 -21"><span class='ocrx_word' id='word_1_34' title='bbox 146 860 257 923; x_wconf 89' lang='lat' dir='ltr'>neque</span> <span class='ocrx_word' id='word_1_35' title='bbox 281 836 382 902; x_wconf 91' lang='lat' dir='ltr'>huius</span> <span class='ocrx_word' id='word_1_36' title='bbox 406 837 579 903; x_wconf 85' lang='lat' dir='ltr'>enuntiati</span> <span class='ocrx_word' id='word_1_37' title='bbox 601 838 618 902; x_wconf 92' lang='grc' dir='ltr'>Ι</span> <span class='ocrx_word' id='word_1_38' title='bbox 639 845 668 921; x_wconf 88' lang='grc'>9,</span> <span class='ocrx_word' id='word_1_39' title='bbox 693 845 734 902; x_wconf 85' lang='grc'>29</span> <span class='ocrx_word' id='word_1_40' title='bbox 830 877 835 884; x_wconf 91' lang='grc'><strong>-</strong></span> 
     </span>
    </p>

    <p class='ocr_par' dir='ltr' id='par_1_4' title="bbox 146 944 1324 1352">
     <span class='ocr_line' id='line_1_7' title="bbox 254 944 1191 1032; baseline 0.001 -23"><span class='ocrx_word' id='word_1_41' title='bbox 254 944 335 1021; x_wconf 76' lang='lat' dir='ltr'>‘Qui</span> <span class='ocrx_word' id='word_1_42' title='bbox 357 967 429 1010; x_wconf 93' lang='lat' dir='ltr'>non</span> <span class='ocrx_word' id='word_1_43' title='bbox 452 951 531 1010; x_wconf 89' lang='lat' dir='ltr'>ante</span> <span class='ocrx_word' id='word_1_44' title='bbox 553 951 657 1032; x_wconf 85' lang='lat' dir='ltr'>patet,</span> <span class='ocrx_word' id='word_1_45' title='bbox 682 944 789 1009; x_wconf 88' lang='lat' dir='ltr'>donec</span> <span class='ocrx_word' id='word_1_46' title='bbox 811 967 931 1008; x_wconf 90' lang='lat' dir='ltr'>manus</span> <span class='ocrx_word' id='word_1_47' title='bbox 954 944 1074 1030; x_wconf 85' lang='lat' dir='ltr'>attigit</span> <span class='ocrx_word' id='word_1_48' title='bbox 1097 945 1191 1010; x_wconf 88' lang='lat' dir='ltr'>ossa’</span> 
     </span>
     <span class='ocr_line' id='line_1_8' title="bbox 146 1049 1324 1136; baseline 0 -20"><span class='ocrx_word' id='word_1_49' title='bbox 146 1052 210 1117; x_wconf 79' lang='lat' dir='ltr'>ie.</span> <span class='ocrx_word' id='word_1_50' title='bbox 234 1074 306 1117; x_wconf 89' lang='lat' dir='ltr'>non</span> <span class='ocrx_word' id='word_1_51' title='bbox 329 1058 409 1116; x_wconf 87' lang='lat' dir='ltr'>ante</span> <span class='ocrx_word' id='word_1_52' title='bbox 433 1091 474 1100; x_wconf 92' lang='lat'><strong>—</strong></span> <span class='ocrx_word' id='word_1_53' title='bbox 499 1049 580 1126; x_wconf 82' lang='lat' dir='ltr'>dum</span> <span class='ocrx_word' id='word_1_54' title='bbox 603 1073 666 1116; x_wconf 89' lang='lat' dir='ltr'>nec</span> <span class='ocrx_word' id='word_1_55' title='bbox 689 1052 744 1136; x_wconf 86' lang='lat'>(=</span> <span class='ocrx_word' id='word_1_56' title='bbox 761 1054 853 1134; x_wconf 90' lang='lat' dir='ltr'>non).</span> <span class='ocrx_word' id='word_1_57' title='bbox 882 1051 1073 1118; x_wconf 86' lang='lat' dir='ltr'>Particulas</span> <span class='ocrx_word' id='word_1_58' title='bbox 1097 1051 1239 1136; x_wconf 86' lang='lat' dir='ltr'>‘usque⁷,</span> <span class='ocrx_word' id='word_1_59' title='bbox 1256 1055 1324 1116; x_wconf 89' lang='lat' dir='ltr'>‘us-</span> 
     </span>
     <span class='ocr_line' id='line_1_9' title="bbox 147 1157 1324 1244; baseline -0.001 -21"><span class='ocrx_word' id='word_1_60' title='bbox 147 1181 213 1244; x_wconf 92' lang='lat' dir='ltr'>que</span> <span class='ocrx_word' id='word_1_61' title='bbox 236 1157 320 1223; x_wconf 87' lang='lat' dir='ltr'>adeo</span> <span class='ocrx_word' id='word_1_62' title='bbox 344 1158 413 1242; x_wconf 84' lang='lat' dir='ltr'>(vel</span> <span class='ocrx_word' id='word_1_63' title='bbox 436 1159 502 1243; x_wconf 87' lang='lat' dir='ltr'>eo)’</span> <span class='ocrx_word' id='word_1_64' title='bbox 526 1158 603 1224; x_wconf 87' lang='lat' dir='ltr'>voci</span> <span class='ocrx_word' id='word_1_65' title='bbox 626 1157 761 1224; x_wconf 84' lang='lat' dir='ltr'>‘donoc&#39;</span> <span class='ocrx_word' id='word_1_66' title='bbox 785 1157 943 1222; x_wconf 86' lang='lat' dir='ltr'>similiter</span> <span class='ocrx_word' id='word_1_67' title='bbox 969 1157 1014 1222; x_wconf 90' lang='lat' dir='ltr'>ad</span> <span class='ocrx_word' id='word_1_68' title='bbox 1036 1157 1228 1243; x_wconf 81' lang='lat' dir='ltr'>augendam</span> <span class='ocrx_word' id='word_1_69' title='bbox 1250 1180 1324 1224; x_wconf 88' lang='lat' dir='ltr'>ora-</span> 
     </span>
     <span class='ocr_line' id='line_1_10' title="bbox 148 1263 1128 1352; baseline -0.002 -22"><span class='ocrx_word' id='word_1_70' title='bbox 148 1266 278 1331; x_wconf 87' lang='lat' dir='ltr'>tionem</span> <span class='ocrx_word' id='word_1_71' title='bbox 300 1265 499 1352; x_wconf 86' lang='lat' dir='ltr'>praemissas</span> <span class='ocrx_word' id='word_1_72' title='bbox 521 1263 681 1330; x_wconf 86' lang='lat' dir='ltr'>Handius</span> <span class='ocrx_word' id='word_1_73' title='bbox 705 1263 742 1330; x_wconf 90' lang='lat' dir='ltr'>H</span> <span class='ocrx_word' id='word_1_74' title='bbox 764 1287 795 1351; x_wconf 90' lang='lat' dir='ltr'>p.</span> <span class='ocrx_word' id='word_1_75' title='bbox 822 1271 885 1329; x_wconf 86' lang='lat'>294</span> <span class='ocrx_word' id='word_1_76' title='bbox 909 1263 977 1329; x_wconf 85' lang='lat' dir='ltr'>iam</span> <span class='ocrx_word' id='word_1_77' title='bbox 1000 1265 1128 1330; x_wconf 88' lang='lat' dir='ltr'>attulit.</span> 
     </span>
    </p>

    <p class='ocr_par' dir='ltr' id='par_1_5' title="bbox 146 1369 1326 1992">
     <span class='ocr_line' id='line_1_11' title="bbox 238 1369 1324 1456; baseline -0.001 -19"><span class='ocrx_word' id='word_1_78' title='bbox 238 1379 265 1437; x_wconf 89' lang='lat'>8.</span> <span class='ocrx_word' id='word_1_79' title='bbox 289 1371 392 1436; x_wconf 88' lang='lat' dir='ltr'>Illum</span> <span class='ocrx_word' id='word_1_80' title='bbox 414 1393 521 1455; x_wconf 88' lang='lat' dir='ltr'>usum,</span> <span class='ocrx_word' id='word_1_81' title='bbox 545 1393 611 1456; x_wconf 92' lang='lat' dir='ltr'>quo</span> <span class='ocrx_word' id='word_1_82' title='bbox 634 1371 757 1437; x_wconf 85' lang='lat' dir='ltr'>vocula</span> <span class='ocrx_word' id='word_1_83' title='bbox 780 1370 887 1436; x_wconf 82' lang='lat' dir='ltr'>‘dum’</span> <span class='ocrx_word' id='word_1_84' title='bbox 916 1371 1102 1436; x_wconf 88' lang='lat' dir='ltr'>terminum</span> <span class='ocrx_word' id='word_1_85' title='bbox 1125 1369 1324 1456; x_wconf 77' lang='lat' dir='ltr'>significans</span> 
     </span>
     <span class='ocr_line' id='line_1_12' title="bbox 148 1476 1323 1565; baseline -0.001 -23"><span class='ocrx_word' id='word_1_86' title='bbox 148 1501 226 1543; x_wconf 90' lang='lat' dir='ltr'>cum</span> <span class='ocrx_word' id='word_1_87' title='bbox 239 1476 358 1543; x_wconf 86' lang='lat' dir='ltr'>futuro</span> <span class='ocrx_word' id='word_1_88' title='bbox 374 1485 527 1564; x_wconf 85' lang='lat' dir='ltr'>tempore</span> <span class='ocrx_word' id='word_1_89' title='bbox 542 1478 700 1565; x_wconf 88' lang='lat' dir='ltr'>copulata</span> <span class='ocrx_word' id='word_1_90' title='bbox 715 1484 767 1542; x_wconf 87' lang='lat' dir='ltr'>est</span> <span class='ocrx_word' id='word_1_91' title='bbox 783 1479 894 1564; x_wconf 88' lang='lat' dir='ltr'>(Prop.</span> <span class='ocrx_word' id='word_1_92' title='bbox 911 1477 929 1542; x_wconf 90' lang='grc' dir='ltr'>Ι</span> <span class='ocrx_word' id='word_1_93' title='bbox 946 1483 995 1560; x_wconf 85' lang='grc'>14,</span> <span class='ocrx_word' id='word_1_94' title='bbox 1014 1481 1077 1561; x_wconf 83' lang='grc'>14),</span> <span class='ocrx_word' id='word_1_95' title='bbox 1093 1477 1160 1544; x_wconf 92' lang='lat' dir='ltr'>alio</span> <span class='ocrx_word' id='word_1_96' title='bbox 1169 1476 1323 1564; x_wconf 86' lang='lat' dir='ltr'>exemplo</span> 
     </span>
     <span class='ocr_line' id='line_1_13' title="bbox 146 1583 1326 1671; baseline -0.003 -21"><span class='ocrx_word' id='word_1_97' title='bbox 146 1585 281 1650; x_wconf 87' lang='lat' dir='ltr'>firmare</span> <span class='ocrx_word' id='word_1_98' title='bbox 309 1607 380 1650; x_wconf 90' lang='lat' dir='ltr'>non</span> <span class='ocrx_word' id='word_1_99' title='bbox 406 1606 550 1671; x_wconf 90' lang='lat' dir='ltr'>possum.</span> <span class='ocrx_word' id='word_1_100' title='bbox 590 1584 659 1649; x_wconf 87' lang='lat' dir='ltr'>Sed</span> <span class='ocrx_word' id='word_1_101' title='bbox 686 1583 747 1648; x_wconf 90' lang='lat' dir='ltr'>ubi</span> <span class='ocrx_word' id='word_1_102' title='bbox 773 1584 943 1670; x_wconf 85' lang='lat' dir='ltr'>particula</span> <span class='ocrx_word' id='word_1_103' title='bbox 966 1606 1043 1648; x_wconf 90' lang='lat' dir='ltr'>cum</span> <span class='ocrx_word' id='word_1_104' title='bbox 1065 1584 1251 1670; x_wconf 82' lang='lat' dir='ltr'>praeterito</span> <span class='ocrx_word' id='word_1_105' title='bbox 1274 1583 1326 1648; x_wconf 90' lang='lat' dir='ltr'>ita</span> 
     </span>
     <span class='ocr_line' id='line_1_14' title="bbox 148 1690 1323 1778; baseline -0.002 -22"><span class='ocrx_word' id='word_1_106' title='bbox 148 1691 331 1757; x_wconf 89' lang='lat' dir='ltr'>coniuncta</span> <span class='ocrx_word' id='word_1_107' title='bbox 358 1697 422 1774; x_wconf 87' lang='lat' dir='ltr'>est,</span> <span class='ocrx_word' id='word_1_108' title='bbox 445 1697 498 1772; x_wconf 90' lang='lat' dir='ltr'>ut,</span> <span class='ocrx_word' id='word_1_109' title='bbox 522 1690 635 1775; x_wconf 88' lang='lat' dir='ltr'>quoad</span> <span class='ocrx_word' id='word_1_110' title='bbox 662 1690 769 1756; x_wconf 86' lang='lat' dir='ltr'>altera</span> <span class='ocrx_word' id='word_1_111' title='bbox 792 1691 882 1756; x_wconf 81' lang='lat' dir='ltr'>ectio</span> <span class='ocrx_word' id='word_1_112' title='bbox 905 1697 1114 1778; x_wconf 87' lang='lat' dir='ltr'>permaneat,</span> <span class='ocrx_word' id='word_1_113' title='bbox 1137 1691 1245 1768; x_wconf 83' lang='lat' dir='ltr'>altera</span> <span class='ocrx_word' id='word_1_114' title='bbox 1269 1713 1323 1754; x_wconf 88' lang='lat' dir='ltr'>res</span> 
     </span>
     <span class='ocr_line' id='line_1_15' title="bbox 147 1795 1322 1884; baseline 0 -22"><span class='ocrx_word' id='word_1_115' title='bbox 147 1797 208 1862; x_wconf 79' lang='lat' dir='ltr'>fist</span> <span class='ocrx_word' id='word_1_116' title='bbox 223 1797 280 1863; x_wconf 89' lang='lat' dir='ltr'>vel</span> <span class='ocrx_word' id='word_1_117' title='bbox 296 1795 438 1880; x_wconf 87' lang='lat' dir='ltr'>accidat,</span> <span class='ocrx_word' id='word_1_118' title='bbox 452 1795 625 1861; x_wconf 87' lang='lat' dir='ltr'>talismodi</span> <span class='ocrx_word' id='word_1_119' title='bbox 640 1795 772 1862; x_wconf 90' lang='lat' dir='ltr'>duobus</span> <span class='ocrx_word' id='word_1_120' title='bbox 789 1797 950 1884; x_wconf 86' lang='lat' dir='ltr'>exemplis</span> <span class='ocrx_word' id='word_1_121' title='bbox 966 1819 986 1861; x_wconf 92' lang='lat' dir='ltr'>a</span> <span class='ocrx_word' id='word_1_122' title='bbox 1001 1797 1174 1882; x_wconf 86' lang='lat' dir='ltr'>Draegero</span> <span class='ocrx_word' id='word_1_123' title='bbox 1185 1797 1235 1881; x_wconf 92' lang='grc' dir='ltr'>(Π</span> <span class='ocrx_word' id='word_1_124' title='bbox 1246 1801 1322 1881; x_wconf 87' lang='grc'><strong>607)</strong></span> 
     </span>
     <span class='ocr_line' id='line_1_16' title="bbox 148 1902 1027 1992; baseline -0.002 -23"><span class='ocrx_word' id='word_1_125' title='bbox 148 1903 328 1992; x_wconf 73' lang='lat' dir='ltr'><strong>adscriptis</strong></span> <span class='ocrx_word' id='word_1_126' title='bbox 353 1902 477 1968; x_wconf 82' lang='lat' dir='ltr'>addere</span> <span class='ocrx_word' id='word_1_127' title='bbox 500 1903 596 1968; x_wconf 90' lang='lat' dir='ltr'>licet:</span> <span class='ocrx_word' id='word_1_128' title='bbox 620 1903 723 1989; x_wconf 84' lang='lat' dir='ltr'>Verg.</span> <span class='ocrx_word' id='word_1_129' title='bbox 746 1903 833 1968; x_wconf 84' lang='lat' dir='ltr'>Aen.</span> <span class='ocrx_word' id='word_1_130' title='bbox 857 1903 893 1967; x_wconf 89' lang='lat' dir='ltr'>H</span> <span class='ocrx_word' id='word_1_131' title='bbox 918 1909 958 1968; x_wconf 89' lang='lat'>88</span> <span class='ocrx_word' id='word_1_132' title='bbox 1025 1935 1027 1940; x_wconf 96' lang='lat'>·</span> 
     </span>
    </p>

    <p class='ocr_par' dir='ltr' id='par_1_6' title="bbox 258 2009 1205 2097">
     <span class='ocr_line' id='line_1_17' title="bbox 258 2009 1205 2097; baseline 0.002 -23"><span class='ocrx_word' id='word_1_133' title='bbox 258 2010 362 2076; x_wconf 89' lang='lat' dir='ltr'>‘Dum</span> <span class='ocrx_word' id='word_1_134' title='bbox 384 2009 626 2096; x_wconf 78' lang='lat' dir='ltr'>stabat·regno</span> <span class='ocrx_word' id='word_1_135' title='bbox 650 2010 829 2075; x_wconf 88' lang='lat' dir='ltr'>incolumis</span> <span class='ocrx_word' id='word_1_136' title='bbox 852 2031 1040 2095; x_wconf 83' lang='lat' dir='ltr'>regumque</span> <span class='ocrx_word' id='word_1_137' title='bbox 1063 2009 1205 2097; x_wconf 86' lang='lat' dir='ltr'>vigebat</span> 
     </span>
    </p>
   </div>
   <div class='ocr_carea' id='block_1_3' title="bbox 255 2116 1423 2202">
    <p class='ocr_par' dir='ltr' id='par_1_7' title="bbox 255 2116 1423 2202">
     <span class='ocr_line' id='line_1_18' title="bbox 255 2116 1423 2202; baseline 0.001 -21"><span class='ocrx_word' id='word_1_138' title='bbox 255 2117 424 2200; x_wconf 81' lang='lat' dir='ltr'>Conciliis,</span> <span class='ocrx_word' id='word_1_139' title='bbox 441 2125 477 2182; x_wconf 90' lang='lat' dir='ltr'>et</span> <span class='ocrx_word' id='word_1_140' title='bbox 491 2139 552 2182; x_wconf 89' lang='lat' dir='ltr'>nos</span> <span class='ocrx_word' id='word_1_141' title='bbox 568 2139 794 2202; x_wconf 89' lang='lat' dir='ltr'>..nomenque</span> <span class='ocrx_word' id='word_1_142' title='bbox 805 2117 974 2202; x_wconf 83' lang='lat' dir='ltr'>decusque</span> <span class='ocrx_word' id='word_1_143' title='bbox 984 2116 1166 2183; x_wconf 81' lang='lat' dir='ltr'>Gessimus.</span> <span class='ocrx_word' id='word_1_144' title='bbox 1189 2119 1241 2183; x_wconf 87' lang='lat' dir='ltr'>VI</span> <span class='ocrx_word' id='word_1_145' title='bbox 1252 2125 1324 2184; x_wconf 85' lang='grc'><strong>661.</strong></span> <span class='ocrx_word' id='word_1_146' title='bbox 1419 2195 1423 2202; x_wconf 21' lang='lat'>¹</span> 
     </span>
    </p>
   </div>
   <div class='ocr_carea' id='block_1_4' title="bbox 92 2223 1327 4120">
    <p class='ocr_par' dir='ltr' id='par_1_8' title="bbox 119 2223 659 2311">
     <span class='ocr_line' id='line_1_19' title="bbox 119 2223 659 2311; baseline -0.004 -21"><span class='ocrx_word' id='word_1_147' title='bbox 119 2223 200 2308; x_wconf 54' lang='lat' dir='ltr'>¹VI</span> <span class='ocrx_word' id='word_1_148' title='bbox 225 2231 297 2290; x_wconf 84' lang='lat'>608.</span> <span class='ocrx_word' id='word_1_149' title='bbox 344 2225 443 2311; x_wconf 88' lang='lat' dir='ltr'>Prop.</span> <span class='ocrx_word' id='word_1_150' title='bbox 466 2225 518 2290; x_wconf 86' lang='lat' dir='ltr'>IV</span> <span class='ocrx_word' id='word_1_151' title='bbox 543 2230 593 2308; x_wconf 89' lang='lat'>10,</span> <span class='ocrx_word' id='word_1_152' title='bbox 618 2231 659 2289; x_wconf 84' lang='lat'>33</span> 
     </span>
    </p>

    <p class='ocr_par' dir='ltr' id='par_1_9' title="bbox 256 2329 1274 2418">
     <span class='ocr_line' id='line_1_20' title="bbox 256 2329 1274 2418; baseline 0 -24"><span class='ocrx_word' id='word_1_153' title='bbox 256 2330 427 2414; x_wconf 85' lang='lat' dir='ltr'>‘Dumque</span> <span class='ocrx_word' id='word_1_154' title='bbox 451 2331 537 2396; x_wconf 89' lang='lat' dir='ltr'>aries</span> <span class='ocrx_word' id='word_1_155' title='bbox 559 2353 695 2396; x_wconf 89' lang='lat' dir='ltr'>murum</span> <span class='ocrx_word' id='word_1_156' title='bbox 719 2382 748 2394; x_wconf 91' lang='lat'>..</span> <span class='ocrx_word' id='word_1_157' title='bbox 772 2329 931 2418; x_wconf 74' lang='lat' dir='ltr'>pulsabat</span> <span class='ocrx_word' id='word_1_158' title='bbox 1057 2331 1180 2396; x_wconf 80' lang='lat' dir='ltr'>Cossus</span> <span class='ocrx_word' id='word_1_159' title='bbox 1204 2331 1274 2396; x_wconf 84' lang='lat' dir='ltr'>ait&#39;.</span> 
     </span>
    </p>

    <p class='ocr_par' dir='ltr' id='par_1_10' title="bbox 149 2436 1325 2950">
     <span class='ocr_line' id='line_1_21' title="bbox 239 2436 1325 2524; baseline -0.001 -22"><span class='ocrx_word' id='word_1_160' title='bbox 239 2445 268 2502; x_wconf 90' lang='lat'>9.</span> <span class='ocrx_word' id='word_1_161' title='bbox 291 2436 344 2500; x_wconf 90' lang='lat' dir='ltr'>De</span> <span class='ocrx_word' id='word_1_162' title='bbox 359 2437 555 2524; x_wconf 86' lang='lat' dir='ltr'>pleonasmo</span> <span class='ocrx_word' id='word_1_163' title='bbox 571 2437 731 2524; x_wconf 83' lang='lat' dir='ltr'>‘prius-</span> <span class='ocrx_word' id='word_1_164' title='bbox 742 2459 844 2521; x_wconf 93' lang='lat' dir='ltr'>quam</span> <span class='ocrx_word' id='word_1_165' title='bbox 855 2437 1001 2502; x_wconf 88' lang='lat' dir='ltr'>-ante’</span> <span class='ocrx_word' id='word_1_166' title='bbox 1019 2437 1130 2524; x_wconf 92' lang='lat' dir='ltr'>(Prop.</span> <span class='ocrx_word' id='word_1_167' title='bbox 1147 2437 1184 2502; x_wconf 89' lang='lat' dir='ltr'>H</span> <span class='ocrx_word' id='word_1_168' title='bbox 1200 2445 1251 2520; x_wconf 79' lang='lat'>25,</span> <span class='ocrx_word' id='word_1_169' title='bbox 1270 2442 1325 2519; x_wconf 78' lang='lat'>25)</span> 
     </span>
     <span class='ocr_line' id='line_1_22' title="bbox 149 2542 1325 2630; baseline 0 -24"><span class='ocrx_word' id='word_1_170' title='bbox 149 2542 283 2608; x_wconf 89' lang='lat' dir='ltr'>monuit</span> <span class='ocrx_word' id='word_1_171' title='bbox 309 2543 469 2608; x_wconf 89' lang='lat' dir='ltr'>Handius</span> <span class='ocrx_word' id='word_1_172' title='bbox 496 2543 514 2608; x_wconf 88' lang='lat' dir='ltr'>l</span> <span class='ocrx_word' id='word_1_173' title='bbox 544 2550 617 2608; x_wconf 87' lang='grc'><strong>396.</strong></span> <span class='ocrx_word' id='word_1_174' title='bbox 664 2543 951 2608; x_wconf 83' lang='lat' dir='ltr'>Coniunctionem</span> <span class='ocrx_word' id='word_1_175' title='bbox 975 2543 1180 2630; x_wconf 79' lang='lat' dir='ltr'>‘postquam&#39;</span> <span class='ocrx_word' id='word_1_176' title='bbox 1204 2549 1325 2630; x_wconf 88' lang='lat' dir='ltr'>poetae</span> 
     </span>
     <span class='ocr_line' id='line_1_23' title="bbox 150 2647 1325 2736; baseline 0 -23"><span class='ocrx_word' id='word_1_177' title='bbox 150 2671 227 2713; x_wconf 91' lang='lat' dir='ltr'>cum</span> <span class='ocrx_word' id='word_1_178' title='bbox 250 2647 582 2736; x_wconf 69' lang='lat' dir='ltr'>plusquamperfecto</span> <span class='ocrx_word' id='word_1_179' title='bbox 607 2650 800 2736; x_wconf 88' lang='lat' dir='ltr'>copulatam</span> <span class='ocrx_word' id='word_1_180' title='bbox 824 2649 917 2715; x_wconf 90' lang='lat' dir='ltr'>haud</span> <span class='ocrx_word' id='word_1_181' title='bbox 939 2650 989 2715; x_wconf 86' lang='lat' dir='ltr'>ita</span> <span class='ocrx_word' id='word_1_182' title='bbox 1008 2648 1325 2734; x_wconf 83' lang='lat' dir='ltr'>frequentaverunt.</span> 
     </span>
     <span class='ocr_line' id='line_1_24' title="bbox 149 2755 1325 2842; baseline -0.001 -22"><span class='ocrx_word' id='word_1_183' title='bbox 149 2755 429 2842; x_wconf 81' lang='lat' dir='ltr'>Prop.1v9,as.</span> <span class='ocrx_word' id='word_1_184' title='bbox 467 2756 580 2842; x_wconf 88' lang='lat' dir='ltr'>Lygd.</span> <span class='ocrx_word' id='word_1_185' title='bbox 597 2764 626 2840; x_wconf 85' lang='lat'>4,</span> <span class='ocrx_word' id='word_1_186' title='bbox 643 2762 694 2821; x_wconf 85' lang='lat'>41.</span> <span class='ocrx_word' id='word_1_187' title='bbox 734 2757 1011 2824; x_wconf 85' lang='lat' dir='ltr'>Ov.Her.X46.</span> <span class='ocrx_word' id='word_1_188' title='bbox 1050 2755 1325 2821; x_wconf 73' lang='lat' dir='ltr'>Menvmsrs.</span> 
     </span>
     <span class='ocr_line' id='line_1_25' title="bbox 152 2847 867 2950; baseline 0.001 -23"><span class='ocrx_word' id='word_1_189' title='bbox 152 2863 252 2928; x_wconf 80' lang='lat' dir='ltr'>Trist.</span> <span class='ocrx_word' id='word_1_190' title='bbox 276 2847 326 2928; x_wconf 69' lang='lat' dir='ltr'>IV</span> <span class='ocrx_word' id='word_1_191' title='bbox 351 2872 379 2946; x_wconf 90' lang='lat'>4,</span> <span class='ocrx_word' id='word_1_192' title='bbox 406 2871 455 2930; x_wconf 87' lang='grc'>70.</span> <span class='ocrx_word' id='word_1_193' title='bbox 501 2864 603 2950; x_wconf 86' lang='lat' dir='ltr'>Verg.</span> <span class='ocrx_word' id='word_1_194' title='bbox 626 2863 713 2929; x_wconf 80' lang='lat' dir='ltr'>Aen.</span> <span class='ocrx_word' id='word_1_195' title='bbox 737 2864 793 2928; x_wconf 89' lang='lat' dir='ltr'>XI</span> <span class='ocrx_word' id='word_1_196' title='bbox 816 2871 867 2929; x_wconf 87' lang='lat'>94.</span> 
     </span>
    </p>

    <p class='ocr_par' dir='ltr' id='par_1_11' title="bbox 149 2969 1326 3165">
     <span class='ocr_line' id='line_1_26' title="bbox 240 2969 1325 3058; baseline 0 -24"><span class='ocrx_word' id='word_1_197' title='bbox 240 2975 290 3034; x_wconf 92' lang='lat'>10.</span> <span class='ocrx_word' id='word_1_198' title='bbox 335 2970 531 3036; x_wconf 86' lang='lat' dir='ltr'>Relativam</span> <span class='ocrx_word' id='word_1_199' title='bbox 568 2971 764 3058; x_wconf 88' lang='lat' dir='ltr'>temporalis</span> <span class='ocrx_word' id='word_1_200' title='bbox 802 2971 990 3058; x_wconf 70' lang='lat' dir='ltr'>particulae</span> <span class='ocrx_word' id='word_1_201' title='bbox 1024 2969 1325 3055; x_wconf 85' lang='lat' dir='ltr'>‘quandocunque’</span> 
     </span>
     <span class='ocr_line' id='line_1_27' title="bbox 149 3075 1326 3165; baseline -0.003 -23"><span class='ocrx_word' id='word_1_202' title='bbox 149 3083 354 3164; x_wconf 89' lang='lat' dir='ltr'>potestatem</span> <span class='ocrx_word' id='word_1_203' title='bbox 375 3077 485 3142; x_wconf 82' lang='lat' dir='ltr'>lexica</span> <span class='ocrx_word' id='word_1_204' title='bbox 506 3099 576 3142; x_wconf 90' lang='lat' dir='ltr'>uno</span> <span class='ocrx_word' id='word_1_205' title='bbox 598 3077 681 3142; x_wconf 91' lang='lat' dir='ltr'>Hor.</span> <span class='ocrx_word' id='word_1_206' title='bbox 704 3077 814 3165; x_wconf 82' lang='lat' dir='ltr'>Epist.</span> <span class='ocrx_word' id='word_1_207' title='bbox 837 3077 856 3142; x_wconf 89' lang='lat' dir='ltr'>I</span> <span class='ocrx_word' id='word_1_208' title='bbox 881 3083 935 3161; x_wconf 89' lang='lat'>14,</span> <span class='ocrx_word' id='word_1_209' title='bbox 961 3084 999 3143; x_wconf 83' lang='lat'>17</span> <span class='ocrx_word' id='word_1_210' title='bbox 1024 3077 1098 3142; x_wconf 89' lang='lat' dir='ltr'>loco</span> <span class='ocrx_word' id='word_1_211' title='bbox 1115 3075 1326 3142; x_wconf 89' lang='lat' dir='ltr'>confirmant.</span> 
     </span>
    </p>

    <p class='ocr_par' dir='ltr' id='par_1_12' title="bbox 150 3181 1327 3271">
     <span class='ocr_line' id='line_1_28' title="bbox 150 3181 1327 3271; baseline -0.002 -23"><span class='ocrx_word' id='word_1_212' title='bbox 150 3185 250 3271; x_wconf 87' lang='lat' dir='ltr'>Prop.</span> <span class='ocrx_word' id='word_1_213' title='bbox 273 3183 310 3248; x_wconf 89' lang='lat' dir='ltr'>H</span> <span class='ocrx_word' id='word_1_214' title='bbox 334 3190 362 3267; x_wconf 84' lang='lat'>1,</span> <span class='ocrx_word' id='word_1_215' title='bbox 388 3190 426 3248; x_wconf 94' lang='grc'>71</span> <span class='ocrx_word' id='word_1_216' title='bbox 453 3183 748 3268; x_wconf 76' lang='lat' dir='ltr'>‘Quandocunque</span> <span class='ocrx_word' id='word_1_217' title='bbox 770 3183 880 3270; x_wconf 88' lang='lat' dir='ltr'>igitur</span> <span class='ocrx_word' id='word_1_218' title='bbox 903 3183 1011 3249; x_wconf 87' lang='lat' dir='ltr'>vitam</span> <span class='ocrx_word' id='word_1_219' title='bbox 1033 3205 1108 3248; x_wconf 91' lang='lat' dir='ltr'>mea</span> <span class='ocrx_word' id='word_1_220' title='bbox 1126 3181 1199 3247; x_wconf 84' lang='lat' dir='ltr'>fata</span> <span class='ocrx_word' id='word_1_221' title='bbox 1213 3203 1327 3269; x_wconf 88' lang='lat' dir='ltr'>repos-</span> 
     </span>
    </p>

    <p class='ocr_par' dir='ltr' id='par_1_13' title="bbox 92 3273 1327 3674">
     <span class='ocr_line' id='line_1_29' title="bbox 92 3273 1327 3374; baseline -0.002 -20"><span class='ocrx_word' id='word_1_222' title='bbox 92 3273 95 3280; x_wconf 51' lang='grc'><strong><em>’</em></strong></span> <span class='ocrx_word' id='word_1_223' title='bbox 152 3298 239 3374; x_wconf 88' lang='lat' dir='ltr'>cent,</span> <span class='ocrx_word' id='word_1_224' title='bbox 266 3291 444 3356; x_wconf 78' lang='lat' dir='ltr'>Maecenas</span> <span class='ocrx_word' id='word_1_225' title='bbox 473 3341 503 3354; x_wconf 91' lang='lat'>..</span> <span class='ocrx_word' id='word_1_226' title='bbox 526 3290 656 3355; x_wconf 85' lang='lat' dir='ltr'>Esseda</span> <span class='ocrx_word' id='word_1_227' title='bbox 684 3342 713 3354; x_wconf 93' lang='lat'>..</span> <span class='ocrx_word' id='word_1_228' title='bbox 742 3290 844 3356; x_wconf 87' lang='lat' dir='ltr'>siste&#39;</span> <span class='ocrx_word' id='word_1_229' title='bbox 880 3296 930 3374; x_wconf 92' lang='grc'>17,</span> <span class='ocrx_word' id='word_1_230' title='bbox 956 3297 996 3355; x_wconf 94' lang='grc'>17</span> <span class='ocrx_word' id='word_1_231' title='bbox 1031 3289 1327 3373; x_wconf 72' lang='lat' dir='ltr'>‘Quandocunque</span> 
     </span>
     <span class='ocr_line' id='line_1_30' title="bbox 150 3395 1326 3484; baseline -0.001 -23"><span class='ocrx_word' id='word_1_232' title='bbox 150 3397 260 3483; x_wconf 88' lang='lat' dir='ltr'>igitur</span> <span class='ocrx_word' id='word_1_233' title='bbox 282 3403 417 3462; x_wconf 88' lang='lat' dir='ltr'>nostros</span> <span class='ocrx_word' id='word_1_234' title='bbox 440 3419 530 3462; x_wconf 91' lang='lat' dir='ltr'>mors</span> <span class='ocrx_word' id='word_1_235' title='bbox 553 3397 689 3462; x_wconf 90' lang='lat' dir='ltr'>claudet</span> <span class='ocrx_word' id='word_1_236' title='bbox 710 3397 844 3480; x_wconf 89' lang='lat' dir='ltr'>ocellos,</span> <span class='ocrx_word' id='word_1_237' title='bbox 867 3395 1018 3484; x_wconf 82' lang='lat' dir='ltr'>Accipe&#39;.</span> <span class='ocrx_word' id='word_1_238' title='bbox 1058 3395 1131 3462; x_wconf 80' lang='lat' dir='ltr'>Tib.</span> <span class='ocrx_word' id='word_1_239' title='bbox 1147 3395 1198 3460; x_wconf 87' lang='lat' dir='ltr'>IV</span> <span class='ocrx_word' id='word_1_240' title='bbox 1216 3401 1244 3479; x_wconf 86' lang='lat'>1,</span> <span class='ocrx_word' id='word_1_241' title='bbox 1262 3400 1326 3460; x_wconf 84' lang='lat'>210</span> 
     </span>
     <span class='ocr_line' id='line_1_31' title="bbox 151 3500 1326 3590; baseline -0.002 -22"><span class='ocrx_word' id='word_1_242' title='bbox 151 3502 446 3588; x_wconf 82' lang='lat' dir='ltr'>,Quandoounque</span> <span class='ocrx_word' id='word_1_243' title='bbox 478 3503 650 3568; x_wconf 90' lang='lat' dir='ltr'>hominem</span> <span class='ocrx_word' id='word_1_244' title='bbox 672 3526 726 3568; x_wconf 88' lang='lat' dir='ltr'>me</span> <span class='ocrx_word' id='word_1_245' title='bbox 749 3503 855 3589; x_wconf 88' lang='lat' dir='ltr'>longa</span> <span class='ocrx_word' id='word_1_246' title='bbox 875 3502 1044 3590; x_wconf 87' lang='lat' dir='ltr'>receperit</span> <span class='ocrx_word' id='word_1_247' title='bbox 1066 3509 1158 3568; x_wconf 84' lang='lat' dir='ltr'>aetas</span> <span class='ocrx_word' id='word_1_248' title='bbox 1182 3553 1189 3566; x_wconf 90' lang='lat'>.</span> <span class='ocrx_word' id='word_1_249' title='bbox 1215 3553 1222 3565; x_wconf 90' lang='lat'>.</span> <span class='ocrx_word' id='word_1_250' title='bbox 1248 3500 1326 3566; x_wconf 88' lang='lat' dir='ltr'>sub·</span> 
     </span>
     <span class='ocr_line' id='line_1_32' title="bbox 151 3609 286 3674; baseline -0.015 0"><span class='ocrx_word' id='word_1_251' title='bbox 151 3609 286 3674; x_wconf 79' lang='lat' dir='ltr'>texam&#39;.</span> 
     </span>
    </p>

    <p class='ocr_par' dir='ltr' id='par_1_14' title="bbox 151 3713 1327 3910">
     <span class='ocr_line' id='line_1_33' title="bbox 242 3713 1327 3804; baseline -0.003 -22"><span class='ocrx_word' id='word_1_252' title='bbox 242 3722 292 3782; x_wconf 90' lang='lat'>11.</span> <span class='ocrx_word' id='word_1_253' title='bbox 315 3715 444 3780; x_wconf 78' lang='lat' dir='ltr'>Tibulli</span> <span class='ocrx_word' id='word_1_254' title='bbox 459 3738 537 3781; x_wconf 90' lang='lat' dir='ltr'>cum</span> <span class='ocrx_word' id='word_1_255' title='bbox 552 3715 728 3804; x_wconf 88' lang='lat' dir='ltr'>proprium</span> <span class='ocrx_word' id='word_1_256' title='bbox 744 3723 832 3782; x_wconf 82' lang='lat' dir='ltr'>essct</span> <span class='ocrx_word' id='word_1_257' title='bbox 847 3738 979 3802; x_wconf 90' lang='lat' dir='ltr'>semper</span> <span class='ocrx_word' id='word_1_258' title='bbox 988 3715 1101 3780; x_wconf 89' lang='lat' dir='ltr'>dicere</span> <span class='ocrx_word' id='word_1_259' title='bbox 1112 3719 1140 3781; x_wconf 87' lang='lat' dir='ltr'>‘o</span> <span class='ocrx_word' id='word_1_260' title='bbox 1151 3713 1327 3800; x_wconf 85' lang='lat' dir='ltr'>quotiens&#39;,</span> 
     </span>
     <span class='ocr_line' id='line_1_34' title="bbox 151 3821 1327 3910; baseline -0.001 -23"><span class='ocrx_word' id='word_1_261' title='bbox 151 3823 349 3910; x_wconf 85' lang='lat' dir='ltr'>Propertius</span> <span class='ocrx_word' id='word_1_262' title='bbox 373 3829 408 3887; x_wconf 86' lang='lat' dir='ltr'>et</span> <span class='ocrx_word' id='word_1_263' title='bbox 431 3822 574 3888; x_wconf 83' lang='lat' dir='ltr'>Ovidius</span> <span class='ocrx_word' id='word_1_264' title='bbox 598 3827 631 3888; x_wconf 85' lang='lat' dir='ltr'>‘a</span> <span class='ocrx_word' id='word_1_265' title='bbox 653 3822 824 3908; x_wconf 86' lang='lat' dir='ltr'>quotiens’</span> <span class='ocrx_word' id='word_1_266' title='bbox 849 3829 884 3887; x_wconf 90' lang='lat' dir='ltr'>et</span> <span class='ocrx_word' id='word_1_267' title='bbox 900 3826 933 3887; x_wconf 87' lang='lat'>‘0</span> <span class='ocrx_word' id='word_1_268' title='bbox 950 3823 1120 3907; x_wconf 84' lang='lat' dir='ltr'>quotiens’</span> <span class='ocrx_word' id='word_1_269' title='bbox 1137 3821 1327 3910; x_wconf 84' lang='lat' dir='ltr'>promiscue</span> 
     </span>
    </p>

    <p class='ocr_par' dir='ltr' id='par_1_15' title="bbox 151 3928 370 3994">
     <span class='ocr_line' id='line_1_35' title="bbox 151 3928 370 3994; baseline -0.009 0"><span class='ocrx_word' id='word_1_270' title='bbox 151 3928 258 3994; x_wconf 90' lang='lat' dir='ltr'>locuti</span> <span class='ocrx_word' id='word_1_271' title='bbox 281 3935 370 3993; x_wconf 89' lang='lat' dir='ltr'>sunt.</span> 
     </span>
    </p>

    <p class='ocr_par' dir='ltr' id='par_1_16' title="bbox 121 4025 1326 4120">
     <span class='ocr_line' id='line_1_36' title="bbox 121 4025 1326 4120; baseline -0.002 -20"><span class='ocrx_word' id='word_1_272' title='bbox 121 4025 124 4036; x_wconf 52' lang='lat'><strong>¹</strong></span> <span class='ocrx_word' id='word_1_273' title='bbox 243 4041 293 4100; x_wconf 85' lang='lat'>12.</span> <span class='ocrx_word' id='word_1_274' title='bbox 331 4035 431 4100; x_wconf 88' lang='lat' dir='ltr'>Illam</span> <span class='ocrx_word' id='word_1_275' title='bbox 454 4034 593 4100; x_wconf 90' lang='lat' dir='ltr'>dicendi</span> <span class='ocrx_word' id='word_1_276' title='bbox 616 4034 907 4118; x_wconf 89' lang='lat' dir='ltr'>consuetudinem,</span> <span class='ocrx_word' id='word_1_277' title='bbox 931 4057 999 4120; x_wconf 87' lang='lat' dir='ltr'>qua</span> <span class='ocrx_word' id='word_1_278' title='bbox 1021 4036 1217 4101; x_wconf 84' lang='lat' dir='ltr'>coniunctio</span> <span class='ocrx_word' id='word_1_279' title='bbox 1241 4034 1326 4100; x_wconf 85' lang='lat' dir='ltr'>‘ubi&#39;</span> 
     </span>
    </p>
   </div>
   <div class='ocr_carea' id='block_1_5' title="bbox 152 4140 1328 4336">
    <p class='ocr_par' dir='ltr' id='par_1_17' title="bbox 152 4140 1328 4336">
     <span class='ocr_line' id='line_1_37' title="bbox 152 4140 1328 4230; baseline 0 -24"><span class='ocrx_word' id='word_1_280' title='bbox 152 4165 229 4208; x_wconf 91' lang='lat' dir='ltr'>cum</span> <span class='ocrx_word' id='word_1_281' title='bbox 260 4140 378 4208; x_wconf 85' lang='lat' dir='ltr'>futuro</span> <span class='ocrx_word' id='word_1_282' title='bbox 411 4150 563 4229; x_wconf 89' lang='lat' dir='ltr'>tempore</span> <span class='ocrx_word' id='word_1_283' title='bbox 590 4141 640 4207; x_wconf 86' lang='lat' dir='ltr'>ita</span> <span class='ocrx_word' id='word_1_284' title='bbox 663 4142 821 4230; x_wconf 86' lang='lat' dir='ltr'>copulata</span> <span class='ocrx_word' id='word_1_285' title='bbox 842 4149 996 4230; x_wconf 87' lang='lat' dir='ltr'>apparet,</span> <span class='ocrx_word' id='word_1_286' title='bbox 1019 4149 1060 4208; x_wconf 89' lang='lat' dir='ltr'>ut</span> <span class='ocrx_word' id='word_1_287' title='bbox 1081 4143 1222 4208; x_wconf 88' lang='lat' dir='ltr'>alterius</span> <span class='ocrx_word' id='word_1_288' title='bbox 1246 4163 1328 4227; x_wconf 91' lang='lat' dir='ltr'>quo·</span> 
     </span>
     <span class='ocr_line' id='line_1_38' title="bbox 153 4246 1328 4336; baseline -0.002 -21"><span class='ocrx_word' id='word_1_289' title='bbox 153 4271 219 4335; x_wconf 93' lang='lat' dir='ltr'>que</span> <span class='ocrx_word' id='word_1_290' title='bbox 243 4248 434 4334; x_wconf 84' lang='lat' dir='ltr'>sententiae</span> <span class='ocrx_word' id='word_1_291' title='bbox 456 4247 599 4314; x_wconf 90' lang='lat' dir='ltr'>verbum</span> <span class='ocrx_word' id='word_1_292' title='bbox 622 4247 712 4313; x_wconf 88' lang='lat' dir='ltr'>idem</span> <span class='ocrx_word' id='word_1_293' title='bbox 735 4255 869 4336; x_wconf 88' lang='lat' dir='ltr'>tempus</span> <span class='ocrx_word' id='word_1_294' title='bbox 884 4246 1017 4332; x_wconf 86' lang='lat' dir='ltr'>habeat,</span> <span class='ocrx_word' id='word_1_295' title='bbox 1037 4248 1106 4316; x_wconf 87' lang='lat' dir='ltr'>uisi</span> <span class='ocrx_word' id='word_1_296' title='bbox 1122 4249 1328 4315; x_wconf 90' lang='lat' dir='ltr'>comicorum</span> 
     </span>
    </p>
   </div>
   <div class='ocr_carea' id='block_1_6' title="bbox 0 0 1517 4928">
    <p class='ocr_par' dir='ltr' id='par_1_18' title="bbox 0 0 1517 4928">
     <span class='ocr_line' id='line_1_39' title="bbox 0 0 1517 4928; baseline 0 0"><span class='ocrx_word' id='word_1_297' title='bbox 0 0 1517 4928; x_wconf 95' lang='lat' dir='ltr'> </span> 
     </span>
    </p>
   </div>
  </div>
 </body>
</html>
