3008 4928
617 271 839 327 „55-

147 442 257 527 vulgo
287 451 329 488 ’-
358 441 502 528 semper'
532 441 731 506 admisisset.
778 439 828 506 At
855 440 1076 527 Hertzbergii
1108 442 1150 506 de
1182 440 1246 506 hac
1278 463 1314 505 re

144 547 257 636 opinio
288 570 446 634 perversa
479 555 539 613 est.
584 548 739 633 Namque
771 547 809 612 in
835 547 894 614 illo
922 549 1101 614 enuntiato
1134 549 1170 614 Π
1195 554 1249 632 16,
1274 555 1315 614 26

254 655 346 720 ‘Non
370 655 449 740 quia
472 655 622 743 peccaris
647 658 848 738 (11111111),
872 655 932 720 sed
955 655 1034 740 quia
1057 655 1164 741 vulgo
1194 689 1197 695 .

293 762 465 828 Formosis
488 762 610 828 levitas
634 784 766 849 semper
788 761 896 827 amica
918 760 1008 827 fuit'.

20 867 21 960 ,
144 858 347 934 vocabulum
370 869 500 954 ‘vulgo’
525 868 628 934 habet
652 867 793 934 eandem
808 869 1013 934 sententiam
1036 875 1140 953 atque
1158 868 1195 932 in
1211 889 1317 932 enun-

144 975 228 1041 tiato
251 976 270 1039 Ι
295 983 327 1059 2,
352 983 394 1040 23
422 975 513 1041 ‘Non
536 975 604 1039 illis
627 975 780 1040 studium
803 975 909 1061 vulgo
937 975 970 1058 (i
987 998 1013 1040 e.
1037 975 1075 1040 in
1097 974 1208 1064 plebe)
1237 997 1316 1040 con-

20 1091 21 1122 l
145 1083 278 1167 quirere
304 1082 478 1146 amantes'.

234 1197 262 1253 7.
300 1188 547 1271 Lachmannus,
572 1211 648 1252 cum
671 1209 807 1253 versum
829 1189 865 1253 H
890 1196 940 1272 25,
966 1196 1006 1254 33

254 1295 431 1372 ‘Quamvis
454 1303 489 1360 11
512 1317 674 1382 persaepe
696 1301 804 1378 vocet,
828 1295 930 1360 semel
953 1295 1002 1360 ire
1026 1296 1219 1364 memento'.

20 1409 21 1474 ξ
145 1407 323 1468 exornaret
345 1401 629 1489 interpretatione
654 1401 840 1489 ‘putidum²
870 1401 962 1487 quod
990 1401 1146 1487 quamvis
1175 1424 1274 1490 aepe
1298 1424 1316 1466 a

145 1509 258 1596 puella
284 1515 439 1591 vocetur,
473 1509 577 1573 semel
609 1515 745 1574 tantum
775 1531 886 1594 neque
918 1509 1062 1596 amplius
1094 1509 1144 1573 ire
1171 1508 1317 1574 iubetur.

144 1617 251 1681 Immo
275 1615 304 1680 si
326 1615 402 1681 fieri
417 1615 532 1702 possit,
556 1638 692 1702 prorsus
715 1623 843 1699 111111,
868 1623 994 1681 caveat.
1026 1616 1168 1703 Repone
1183 1615 1316 1681 timeto’

145 1723 186 1788 de
210 1744 361 1786 sermone
384 1722 519 1809 poetico
542 1745 613 1788 non
636 1722 748 1787 minus
771 1722 873 1787 nimis
894 1745 1013 1788 severe
1036 1723 1202 1788 iudicasse
1233 1722 1319 1787 mihi

20 1827 21 1886 ἕ
144 1828 296 1911 videtur,
324 1850 426 1913 quam
449 1829 509 1913 qui
533 1828 604 1894 eius
628 1828 807 1894 consilium
834 1829 944 1894 secuti
960 1834 1059 1912 sunt,
1086 1829 1259 1894 Vahlenus
1284 1835 1318 1893 et

20 1955 21 1998 1
144 1935 325 2000 Baehrens.
371 1935 526 2020 Namque
553 1942 654 2023 poeta
682 1936 852 2001 aemulum
874 1957 1088 2020 nequaquam
1111 1943 1240 2018 monet,
1268 1942 1318 2018 11,
1447 1974 1448 1977 ¹

20 2055 21 2130 ἢ
145 2041 227 2108 dum
242 2049 333 2108 amet
348 2049 451 2127 atque
467 2049 607 2126 ametur,
631 2043 675 2108 ad
690 2043 839 2130 puellam
854 2043 957 2108 semel
977 2050 1039 2126 eat,
1063 2042 1122 2108 sed
1140 2042 1171 2107 ei
1187 2041 1315 2125 suadet,

20 2159 21 2240 1
143 2157 195 2232 11,
219 2149 487 2234 quotiescunque
511 2149 582 2214 eius
607 2148 698 2214 domi
720 2147 840 2232 fuerit,
863 2149 1021 2236 precibus
1044 2149 1219 2236 neglectis,
1242 2149 1317 2214 lon·

20 2303 21 2332 ,
145 2257 239 2341 glore
262 2255 443 2322 intervallo
470 2255 564 2320 illam
592 2256 781 2320 conveniat.
828 2255 1025 2342 Propertius
1052 2255 1173 2341 igitur,
1206 2256 1346 2326 11111,

145 2363 267 2446 dicam,
295 2364 400 2428 talem
423 2362 548 2448 agendi
570 2362 736 2427 rationem
759 2362 897 2427 inimico
921 2361 1148 2445 commendat,
1183 2363 1318 2447 qualem

20 2453 21 2466 .
144 2470 186 2536 ab
209 2469 317 2536 amica
340 2469 514 2536 observari
536 2469 609 2556 ipse
633 2469 788 2553 queritur
810 2469 865 2534 ΠΙ
889 2475 939 2552 21,
965 2477 982 2533 7
1236 2541 1241 2548 ,

254 2577 331 2642 ‘Vix
353 2583 468 2642 tamen
491 2583 551 2641 aut
574 2575 678 2640 semel
701 2575 863 2660 admittit,
887 2598 964 2640 cum
987 2597 1087 2662 saepe
1109 2575 1269 2661 negarit⁷.

132 2719 136 2722 -
233 2683 301 2748 Η11
325 2705 459 2768 quoque
482 2704 551 2747 non
574 2681 717 2746 dubium
740 2689 800 2766 est,
824 2681 908 2768 quin
928 2688 1029 2769 poeta
1052 2681 1193 2769 saepius,
1218 2704 1318 2766 quam

146 2793 256 2876 semel,
279 2799 353 2858 toto
377 2791 499 2857 amoris
522 2798 674 2878 tempore
690 2791 855 2856 admissus
878 2791 923 2856 sit
947 2813 1052 2876 eaque
1076 2790 1318 2856 (111111111-

147 2899 222 2964 cula
254 2898 384 2964 ‘semel’
416 2897 587 2984 pertineat
625 2897 669 2962 ad
701 2904 833 2962 certum
864 2898 1026 2984 temporis
1059 2897 1218 2985 spatium,
1252 2919 1318 2982 quo

20 3071 21 3098 ,
145 3006 272 3093 puella,
305 3026 510 3090 quamquam
542 3027 641 3092 saepe
668 3005 851 3088 recusavit,
883 3011 999 3069 tamen
1030 3011 1214 3069 amatorem
1245 3004 1319 3070 voti

20 3115 21 3132 ¹
146 3119 337 3200 compotem
360 3111 463 3177 semel
485 3109 577 3176 fecit.

236 3220 358 3304 Itaque
380 3226 527 3303 utroque
550 3219 625 3284 loco
649 3226 842 3306 comparato
866 3218 989 3302 elucet,
1013 3218 1105 3282 illam
1129 3215 1319 3282 sententiae

146 3324 328 3392 formulam
350 3325 459 3391 nostri
481 3325 654 3413 propriam
681 3347 793 3410 neque
817 3324 972 3390 codicum
995 3324 1234 3389 auctoritatem
1257 3323 1319 3387 mi·

20 3465 21 3486 .
146 3433 240 3499 noris
255 3431 498 3498 aestimandam
522 3455 601 3516 esse,
625 3455 727 3516 quam
742 3431 939 3498 criticorum
955 3431 1095 3496 consilia
1116 3430 1320 3496 emendandi

147 3537 297 3624 (Lachm.
314 3540 469 3624 ι1111111,
491 3539 614 3604 Baehr.
634 3539 791 3626 ‘negato’‚
814 3538 913 3604 Vahl.
937 3537 1092 3625 ‘sepelire
1116 3536 1319 3622 memento’).

235 3647 309 3712 Iam
336 3653 416 3711 ante
443 3667 497 3710 me
520 3645 660 3710 Hertzb.
683 3653 817 3711 textum
840 3643 1024 3710 defendere
1053 3643 1187 3709 studuit
1209 3665 1320 3728 neque

148 3753 341 3839 quidquam,
364 3754 564 3840 praesertim
580 3775 657 3818 cum
673 3753 817 3818 alterum
833 3752 1009 3839 effugisset
1025 3774 1102 3816 eum
1121 3751 1320 3838 exemplum,

147 3858 300 3948 profecit.
347 3859 419 3924 Nec
442 3881 523 3925 vero
551 3881 622 3924 non
644 3859 783 3925 levioris
810 3859 976 3924 momenti
1003 3859 1074 3923 eius
1097 3857 1203 3923 verba
1231 3864 1320 3940 sunt,

148 3965 271 4052 quibus
294 3963 552 4032 Lachmannum
575 3965 691 4031 docuit
715 3966 756 4030 de
780 3965 922 4032 versui
947 3971 998 4048 13,
1023 3972 1064 4030 33

254 4072 320 4136 ‘ru
342 4093 432 4155 vere,
456 4072 617 4158 quoniam
640 4071 743 4136 semel
766 4095 800 4136 es
823 4071 995 4158 periturus
1019 4093 1139 4153 amore,
1162 4070 1290 4136 Utere’.

236 4179 324 4244 Nam
347 4179 431 4263 quid
454 4177 552 4244 nobis
575 4178 714 4266 prodest
737 4178 828 4243 inter
849 4186 961 4243 cetera
984 4177 1078 4261 scire,
1103 4176 1320 4264 Propertium

147 4285 198 4352 IV
220 4291 270 4369 11,
296 4292 314 4350 3
340 4285 531 4351 elocutione
554 4288 673 4369 ‘quum
697 4285 811 4349 semel’
836 4307 934 4350 usum
957 4282 1081 4348 fuisse?
1119 4282 1320 4348 8111111111-
