3008 4928
620 297 842 362 -11-

142 481 234 540 esset
256 473 371 539 verbis
399 477 478 538 ‘non
504 473 673 559 ingenuos
695 472 815 561 pudet,
843 495 914 539 non
938 473 985 539 eis
1010 496 1103 540 amor
1125 467 1318 542 reticendus

143 579 241 668 (est)',
264 579 396 665 aliquid
425 581 508 645 novi
535 587 638 665 atque
661 579 812 644 inauditi
838 580 1077 668 proposuisset.
1124 580 1218 659 Quae
1242 604 1318 647 cum

142 687 195 753 ita
217 687 295 770 sint,
318 686 442 773 accipe,
467 708 569 771 quam
596 686 802 751 sententiam
829 685 892 751 sub
919 685 1058 752 traditis
1081 687 1212 753 voculis
1241 689 1316 754 ‘aut’

141 792 318 860 subiciam.
364 792 470 857 Edito
493 791 609 858 libello
632 792 832 880 Propertius
854 791 971 858 fabula
994 791 1110 858 subito
1131 792 1243 859 factus
1267 801 1318 860 est

142 900 264 966 eodem
279 898 380 964 modo
396 905 500 984 atque
515 898 680 964 Horatius
696 899 771 986 (Ep.
782 899 837 963 XI
855 906 871 964 7
889 903 959 986 ‘per
973 899 1101 984 urbem,
1116 921 1196 965 nam
1211 901 1318 989 pudet

143 1007 237 1072 tanti
251 1006 341 1090 mali,
356 1005 490 1071 Fabula
505 1011 634 1091 quanta
652 1004 713 1090 fni,
735 1006 972 1073 conviviorum
987 1011 1022 1072 et
1037 1007 1224 1095 paenitet’).
1250 1009 1319 1074 Sed

144 1119 282 1179 tantum
292 1113 397 1197 abest,
407 1119 448 1178 ut
456 1119 572 1178 noster
586 1119 697 1200 poeta,
714 1113 804 1178 sicut
812 1112 986 1197 Horatius,
1001 1135 1074 1178 rem
1090 1113 1140 1179 ita
1149 1137 1185 1180 se
1194 1115 1319 1181 habere

143 1220 317 1285 liberrime
333 1219 546 1296 confiteatur,
566 1227 607 1284 ut
627 1242 815 1285 sermonem
834 1219 950 1285 levare
970 1220 1116 1298 studeat.
1149 1221 1271 1308 Itaque
1288 1223 1320 1288 ei

146 1325 304 1410 obicitur,
321 1349 393 1392 sese
408 1327 609 1412 neutiquam
629 1325 784 1392 obtinere
804 1327 981 1412 antiquam
1002 1328 1123 1393 amoris
1144 1329 1318 1414 rationem,

144 1457 232 1520 quae
247 1433 292 1499 sit
308 1437 376 1499 ‘aut
386 1434 497 1522 pudor
510 1434 681 1520 ingenuus
692 1433 919 1520 (freimiitiges
935 1435 1034 1519 sen),
1049 1441 1110 1500 aut
1123 1436 1318 1502 reticendus

144 1542 247 1607 amor’
265 1541 336 1626 (ein
345 1541 611 1628 Verschweigen
626 1541 685 1606 des
700 1541 933 1625 Liebesverh.)
966 1541 1096 1619 Quodsi
1116 1543 1154 1607 in
1169 1549 1320 1608 extrema

144 1647 239 1714 vocis
250 1649 437 1734 ‘ingenuus'
447 1647 579 1735 syllaba
588 1647 895 1735 offendis,Hauptii
904 1649 1129 1714 mutationem
1140 1648 1317 1735 ‘ingenuis’

144 1754 268 1844 probes
277 1754 404 1820 licebit.
427 1755 548 1841 Neque
558 1755 649 1820 enim
664 1755 724 1820 illa
738 1755 1018 1844 interpretationi
1030 1778 1125 1822 meae
1133 1754 1272 1821 nocebit
1278 1755 1318 1842 ¹);
1332 1793 1333 1798 κ

145 1862 214 1928 nisi
224 1862 325 1948 quod,
342 1884 420 1927 cum
434 1863 514 1928 talis
530 1862 720 1928 sententiae
735 1861 873 1928 habitus
882 1863 1041 1951 postulet,
1057 1869 1097 1928 ut
1114 1863 1235 1950 copula
1250 1862 1319 1927 ‘est'

144 1970 353 2058 suppleatur,
362 1969 464 2055 vigor
477 1969 640 2034 orationis
650 1969 892 2057 Propertianae
908 1970 1122 2054 aliquantum
1136 1969 1319 2034 minuetur.

144 2076 196 2142 Ut
220 2098 284 2161 ego
307 2075 345 2139 in
367 2074 533 2140 librorum
556 2075 762 2163 scriptorum
784 2076 932 2141 lectione
955 2097 1215 2163 perseverarem,
1238 2075 1319 2140 inde

143 2180 277 2247 factum
287 2187 346 2265 est,
357 2181 449 2266 quod
458 2187 574 2246 noster
583 2181 859 2269 poetaineodem
868 2181 1166 2270 pentametripede
1175 2180 1320 2248 formam

147 2287 240 2355 verbi
262 2287 425 2354 vincendi
448 2288 563 2376 posuit
584 2289 621 2353 H
645 2295 664 2354 8
690 2295 708 2353 8
734 2289 898 2355 ‘Vinceris
922 2297 982 2355 aut
1004 2289 1124 2374 vincis,
1148 2288 1282 2376 haec’.⁹)

235 2392 285 2460 At
312 2416 527 2480 nequaquam
549 2395 687 2460 Lachm.
715 2395 814 2460 illum
841 2417 979 2462 versum
1006 2395 1047 2460 ab
1076 2396 1319 2484 interpolatore

144 2500 340 2590 profectum
364 2525 435 2568 esse
458 2509 551 2568 recte
573 2503 749 2569 iudicavit.
795 2502 936 2568 Etenim
958 2501 1087 2568 formae
1109 2502 1208 2570 verbi
1231 2502 1321 2568 ‘esse'

145 2631 217 2674 non
240 2608 297 2672 hio
319 2609 428 2674 solum
450 2608 659 2696 repudiatae,
682 2609 742 2674 sed
765 2608 868 2674 etiam
891 2609 945 2673 HI
970 2616 1020 2692 13,
1045 2616 1084 2674 61

254 2715 366 2779 ‘Certa
380 2715 510 2800 loquor,
531 2710 701 2780 sed'nulla
715 2715 814 2780 fides:
838 2737 948 2801 neque
964 2715 1056 2780 enim
1071 2716 1132 2782 Ilia
1148 2715 1320 2801 quondam

307 2821 421 2887 Verax
444 2823 639 2909 Pergameis
662 2845 798 2888 maenas
820 2821 979 2888 habenda
1000 2823 1118 2888 malis’.

146 2937 325 3015 testantur,
349 2929 522 2995 talismodi
545 2935 732 2995 structuras
755 2929 928 3017 Propertii
949 2929 1104 3017 proprias
1129 2951 1207 2995 esse.

236 3037 383 3125 Hauptii
407 3037 611 3102 sententiam
627 3036 752 3120 reliqui
768 3036 879 3101 critici
895 3037 1004 3101 secuti
1019 3043 1108 3102 sunt.
1145 3036 1320 3102 Baehrens

145 3144 287 3230 quidem
310 3144 386 3209 ‘aut’
411 3143 563 3226 retinuit,
586 3165 707 3209 verum
729 3142 906 3228 ,ingenuis'
930 3150 1033 3228 atque
1059 3143 1154 3208 nulla
1177 3143 1320 3208 necessi-

144 3259 219 3318 tate
243 3253 388 3338 cogente
412 3250 631 3316 ‘retinendus'
655 3250 799 3338 scripsit.
1121 3319 1123 3324 ,

214 3391 218 3400 =
237 3367 265 3424 2.
297 3359 384 3424 Cum
407 3358 595 3445 complures
618 3358 718 3442 locos,
741 3357 802 3422 ubi
824 3357 979 3443 negativi
1002 3357 1160 3424 vocabuli
1182 3357 1254 3422 vim
1277 3355 1321 3420 ad

145 3472 327 3550 sequentes
355 3466 493 3532 voculas
522 3465 598 3530 ‘aut'
627 3471 661 3530 et
690 3465 749 3530 ‘ve’
777 3464 948 3552 pertinere
976 3470 1133 3552 apertum
1161 3470 1224 3547 est,
1252 3463 1320 3528 iam

145 3571 354 3655 Vahlenus⁸)
379 3572 542 3656 attulerit,
565 3572 780 3657 relinquitur,
804 3578 844 3636 ut
867 3571 904 3635 hi
928 3577 1245 3637 commemorentur:

237 3805 258 3872 1)
278 3802 349 3856 Nam
371 3802 419 3856 hic
441 3819 552 3871 quoque
570 3802 662 3857 verbis
681 3801 741 3856 ‘Cui
759 3819 815 3856 non
836 3843 841 3854 .
862 3843 868 3854 .
888 3800 1039 3871 adspergat
1061 3803 1188 3869 tempora
1206 3800 1317 3854 sudor‘P

147 3891 281 3962 respectis
304 3891 474 3961 interpretor
498 3891 563 3945 ‘Aut
585 3890 675 3961 pudor
702 3889 841 3945 mendacii
869 3890 996 3960 ingenuis
1023 3891 1098 3958 (est),
1128 3892 1193 3944 ant’.
1230 3889 1320 3944 Aliter

147 3981 239 4037 locum
251 3980 346 4049 Paley,
365 3979 443 4035 euius
461 3980 492 4033 in
510 3979 632 4034 editione
645 3977 770 4050 (London
785 3978 863 4048 1872)
882 3994 996 4048 perraro
1014 3976 1156 4032 invenitur
1167 3976 1320 4047 quidquam

146 4071 221 4137 novi,
240 4069 380 4125 intellexit
399 4070 464 4123 ‘Aut
482 4070 572 4140 pudor
589 4069 654 4123 talis
673 4068 783 4140 (turpis)
802 4067 904 4123 amoris
921 4066 1050 4138 ingenuis
1069 4070 1119 4134 est,
1138 4069 1203 4121 aut’.

237 4159 259 4230 Ε)
278 4158 319 4214 De
337 4157 400 4212 aliis
419 4158 523 4225 verbis,
548 4175 664 4226 quorum
683 4157 784 4212 ultima
801 4156 910 4226 syllaba
932 4155 963 4210 in
981 4156 1035 4210 hae
1052 4155 1221 4226 pentametri
1238 4159 1320 4224 parte

146 4249 285 4318 producta
303 4250 429 4318 apparet,
448 4251 477 4302 te
495 4246 607 4303 docebit
624 4246 748 4313 Mueller,
767 4247 802 4301 de
820 4264 850 4301 re
869 4249 950 4300 metr.
968 4265 995 4316 p.
1015 4246 1076 4301 331.

238 4337 259 4407 8)
279 4335 333 4390 Ofr.
346 4336 463 4404 Vahlen,
481 4337 650 4391 Monatsber.
670 4337 696 4390 d.
716 4335 806 4390 Akad.
826 4335 852 4388 d.
866 4335 948 4390 Wiss.
967 4353 1001 4389 zu
1014 4333 1108 4390 Berlin
1122 4333 1199 4390 1881.
1218 4353 1245 4403 p.
1258 4334 1319 4398 337,
