3008 4928
638 291 838 349 ,9-

311 461 369 526 ‘At
390 468 510 527 nostra
532 461 669 548 ingenti
691 461 790 528 vadit
813 460 1022 526 circumdata
1045 460 1156 546 turba,

355 567 428 633 Noc
452 567 601 653 digitum
624 573 770 653 angusta
794 575 846 633 est
867 567 1048 634 inseruisse
1071 568 1146 634 via'.

214 679 216 682 ’
243 679 292 740 14.
323 672 440 759 Atque
469 673 572 738 otiam
596 673 777 758 Catullum,
800 673 982 757 Tibullum,
1005 674 1223 762 Propertium
1246 674 1331 740 Ovi·

152 781 247 846 dium
275 780 409 848 videbis
436 781 594 846 voculam
623 781 703 846 ‘nec'
731 801 793 868 pro
823 781 910 846 ‘non’
938 803 1127 869 usurpasse,
1151 804 1252 867 quem
1275 782 1330 847 di-

153 887 253 954 cendi
267 900 366 952 usum
381 887 575 954 veterrimis
591 887 784 953 comoediae
800 887 1023 975 scriptoribus
1044 889 1124 954 solis
1139 889 1330 976 Draeger1>

151 994 305 1082 inspecto
333 993 517 1058 Ribbeckii
544 992 660 1059 libello
688 1017 757 1059 non
787 995 1014 1060 concessisset.
1059 995 1140 1060 Jam
1167 995 1330 1060 Handius

152 1100 217 1188 (IV
240 1104 296 1183 97)
323 1123 372 1167 vs.
395 1099 499 1186 Verg.
528 1100 602 1164 Eoi.
626 1099 682 1164 IX
706 1107 724 1165 6
749 1099 850 1185 ‘quod
878 1122 941 1166 neo
969 1107 1083 1167 vertat
1109 1101 1205 1166 bene’
1235 1109 1326 1168 attu-

151 1208 247 1274 lerat.
301 1208 443 1273 Praeter
479 1229 557 1272 eum
594 1206 805 1272 Ribbeckius
837 1208 857 1271 l.
892 1231 918 1272 c.
955 1207 1050 1273 illam
1081 1210 1327 1296 proprietatem

153 1314 287 1380 Catullo
303 1317 368 1400 (64,
393 1314 448 1400 83)
470 1321 505 1378 ot
521 1313 609 1378 Giris
625 1313 784 1402 scriptori
799 1313 1019 1380 adiudicavit.
1058 1314 1210 1382 Observa
1231 1337 1329 1382 nuno

151 1443 201 1487 vs.
223 1421 323 1508 Prop.
347 1420 383 1485 Π
409 1428 459 1503 24,
484 1427 523 1486 37

242 1527 373 1592 ‘Certus
397 1549 469 1592 eras
493 1527 561 1592 heu
583 1527 659 1611 heu,
683 1527 839 1612 quamvis
862 1550 925 1592 neo
948 1526 1115 1613 sanguine
1138 1529 1232 1594 avito

260 1693 262 1697 .
304 1633 447 1718 Nobilis,
471 1641 505 1699 et
529 1635 686 1720 quamvis
709 1634 795 1700 haut
816 1635 867 1701 ita
889 1635 985 1701 dives
1010 1635 1100 1700 eras'.

152 1741 221 1806 iam
242 1763 376 1806 mecum
399 1741 589 1806 consenties
612 1741 651 1806 in
675 1764 722 1825 eo,
747 1742 839 1826 quod
855 1743 934 1806 ‘neo'
958 1741 1088 1806 nullam
1110 1741 1215 1807 habet
1230 1742 1329 1808 vocis

153 1848 418 1932 contentionem,
441 1848 501 1914 sed
524 1847 637 1916 verbis
661 1848 754 1914 ‘haut
776 1849 833 1938 ita'
857 1848 1049 1937 respondet.

185 2029 186 2034 η
242 1954 375 2020 Similia
396 1953 538 2042 praebet
561 1953 705 2020 Ovidius
729 1955 891 2044 exempla.
937 1953 992 2020 ΙΠ
1016 1961 1056 2021 10
1084 1963 1123 2021 13

260 2061 339 2146 ,Nix
360 2061 458 2145 iacet,
483 2069 517 2127 et
540 2061 666 2127 iactam
688 2083 752 2126 nec
775 2062 825 2127 sol
847 2062 1029 2150 pluviasve
1052 2063 1253 2147 resolvunt,-

311 2167 455 2234 lndurat
477 2167 596 2234 boreas
619 2175 886 2257 perpetuamque
908 2168 1010 2234 faoit'.

155 2282 205 2360 10,
230 2283 271 2340 43

180 2371 182 2376 ¹
260 2381 356 2447 ‘Tum
378 2405 490 2468 neque
513 2405 548 2448 se
571 2381 676 2470 pandi
699 2388 842 2468 possunt
865 2381 1042 2470 delphines
1065 2383 1102 2446 in
1126 2405 1223 2448 auras

304 2487 448 2572 Tollere;
475 2495 635 2555 conantes
660 2487 745 2555 dura
769 2495 902 2554 coercet
924 2489 1050 2554 hiems’.

242 2595 267 2662 J
268 2619 322 2661 arn
348 2597 386 2661 in
412 2597 549 2663 Metam.
577 2596 673 2661 libris
700 2603 818 2684 utrum
840 2597 928 2662 hanc
957 2596 1128 2662 scribendi
1150 2595 1327 2662 licentiam

154 2699 219 2768 sibi
246 2703 428 2790 sumpserit
455 2711 571 2791 poeta,
604 2726 724 2788 neone,
758 2709 849 2768 certe
887 2704 1075 2768 existimari
1103 2727 1172 2770 non
1203 2710 1324 2792 potest.

153 2807 242 2874 Nam
265 2817 425 2898 corrupto
449 2809 574 2875 codicis
590 2809 693 2874 Maro.
716 2810 791 2876 loco
807 2809 862 2874 IX
886 2817 948 2876 248
973 2811 1088 2875 nescio
1113 2834 1156 2874 an
1171 2810 1326 2876 Kornius

155 2919 207 2980 ‘ne
230 2953 273 2964 -
296 2924 453 3004 paveant,
476 2917 559 2982 istas
584 2917 777 3004 despernitc
801 2917 959 2981 flammas’
983 2917 1108 2982 rectius
1133 2918 1327 2982 correxerit.

244 3023 417 3088 Catullum
432 3031 546 3088 autem
562 3023 710 3110 primum
719 3023 808 3087 hano
825 3023 1029 3088 comicorum
1046 3024 1327 3089 consuetudinem

154 3135 308 3194 secutum
336 3153 407 3194 esse
435 3128 582 3213 affirm0,
610 3135 891 3194 noncommotus
918 3130 977 3194 illo
1005 3153 1108 3195 versu
1137 3138 1187 3211 64,
1217 3137 1258 3194 83
1283 3130 1330 3196 ab

155 3235 230 3300 aliis
254 3237 353 3301 aliter
375 3236 559 3320 intellect0,
584 3236 644 3302 sed
667 3237 740 3301 loco
765 3244 816 3320 30,
842 3246 861 3301 4

263 3343 342 3406 ‘Nec
365 3341 457 3408 facta
479 3343 584 3431 impia
598 3341 759 3407 fallacum
774 3343 950 3408 hominum
966 3343 1155 3408 caeliocolis
1171 3343 1325 3430 placent’.

243 3449 467 3533 Nequaquam
489 3449 579 3513 hano
604 3449 758 3513 codicum
779 3450 962 3514 lectionem
984 3450 1158 3516 Baehrens
1182 3449 1330 3533 (‘Nunc')·

155 3562 190 3620 et
199 3555 301 3620 Riese
313 3555 433 3638 (‘Non')
449 3562 648 3638 mutassent,
665 3555 732 3620 nisi
746 3556 956 3641 aDraegerO,
974 3577 1074 3642 quem
1089 3556 1328 3641 laudaverunt,

155 3686 175 3727 a
197 3669 292 3727 recta
314 3662 371 3728 via
394 3661 535 3726 abducti
558 3669 678 3727 essent.

245 3768 376 3846 Quibus
403 3771 571 3857 reputatis
600 3769 676 3854 quis
705 3767 853 3853 dubitet,
882 3770 967 3854 quin
994 3769 1052 3834 illa
1078 3769 1330 3834 coniunctionis

154 3877 207 3942 vis
231 3877 445 3962 agnoscenda
469 3876 514 3941 sit
537 3899 588 3963 ap.
612 3875 685 3943 Tib.
709 3877 727 3940 l
751 3883 779 3961 6,
804 3877 866 3942 45?

262 3983 365 4048 ‘Haec
388 3983 449 4048 ubi
470 3984 634 4049 Bellonae
657 3991 754 4048 motu
778 3991 828 4048 est
852 3984 983 4069 agitata
1005 4007 1069 4049 nec
1093 4005 1204 4048 aorem

306 4090 504 4173 Flammam,
528 4112 598 4154 non
622 4112 737 4154 amens
760 4089 903 4155 verbera
925 4097 1016 4155 torta
1039 4090 1155 4155 timet’.

152 4240 307 4247 *βψ--
331 4242 367 4246 .-

245 4321 266 4389 1)
286 4319 416 4390 Draeger‚
429 4319 531 4374 Hister.
546 4319 651 4388 syntax
663 4318 711 4374 der
724 4319 773 4374 lat.
784 4319 913 4388 Sprache.
937 4320 961 4374 2.
973 4320 1089 4390 Auflage
1102 4319 1177 4374 1881.
1200 4319 1234 4386 II,
1245 4337 1273 4388 p.
1283 4319 1327 4374 67.
