3008 4928
667 297 866 354 ..2-

175 469 344 557 particula
367 469 488 535 ‘velut'
517 467 710 534 adhibenda
738 475 834 533 esset.
880 467 1002 552 Itaque
1025 465 1277 547 Lachmannua
1309 472 1353 534 ut

174 577 297 642 vocula
320 577 384 640 ‘ac'
408 576 587 660 deleretur,
610 576 648 640 in
670 597 718 641 vs.
742 574 778 642 Π
802 581 830 658 3,
855 574 930 656 47¹)
954 572 1025 638 ‘hei
1048 573 1133 638 mibi
1156 575 1185 640 si
1209 574 1293 660 quis,

280 681 405 747 Acrius
427 689 468 748 ut
489 681 624 765 moriar,
647 681 782 747 venerit
804 681 892 746 alter
915 680 1020 745 amor!

280 788 333 852 Ac
356 788 467 855 veluti
488 787 599 876 primo
621 794 740 852 taurus
764 785 933 852 detrectat
956 792 1076 869 aratra,

280 896 365 960 Post
387 895 484 960 venit
506 894 647 959 adsueto
671 893 782 958 mollis
807 892 851 958 ad
874 915 957 960 arva
978 894 1075 978 iugo:

281 1003 338 1068 Sic
360 1002 470 1091 primo
493 1001 635 1066 iuvenes
657 1000 833 1087 trepidant
855 1000 893 1064 in
914 1021 1027 1066 amore
1050 998 1188 1083 feroces,

279 1108 414 1174 Dehinc
438 1107 561 1173 domiti
584 1159 614 1174 ..
638 1107 757 1192 iniqua
779 1106 920 1172 ferunt’.

171 1216 301 1282 frustra
327 1216 532 1303 scripturam
560 1215 629 1279 ‘En
656 1213 778 1280 veluti’
808 1214 995 1302 proposuit.
1041 1213 1114 1278 Iam
1141 1212 1350 1300 Hauptiusl)

171 1323 319 1406 monuit,
351 1345 421 1393 non
449 1321 649 1408 diligentius
677 1327 830 1388 versatos
863 1343 934 1386 esse
967 1327 1084 1408 poetas
1116 1320 1154 1385 in
1185 1343 1250 1385 usu
1278 1318 1349 1385 for·

170 1429 283 1495 mulae
300 1433 417 1514 ‘atque
441 1427 565 1492 etiam’.
599 1426 667 1493 Sed
693 1427 846 1514 exempla
868 1427 1103 1510 inveniuntur,
1128 1449 1214 1514 quae
1236 1427 1349 1514 magis

170 1535 386 1601 Lachmanni
408 1533 616 1601 sententiam
638 1533 857 1620 redarguant.
904 1532 954 1598 Of.
976 1533 1074 1600 Ovid.
1098 1533 1198 1599 Trist.
1221 1533 1258 1598 H
1283 1541 1348 1601 149·

277 1643 375 1729 ‘Spes
397 1640 484 1705 mihi
505 1662 630 1726 magna
652 1639 799 1705 subit..
823 1635 908 1727 Spes
933 1689 986 1708 ,..
1012 1639 1112 1705 cadit.

275 1749 329 1814 Ae
351 1747 461 1814 veluti
483 1747 596 1813 ventis
621 1747 835 1833 agitantibus
859 1755 938 1812 aera
961 1769 1032 1813 non
1055 1754 1107 1812 est

276 1855 441 1940 Aequalis
463 1853 574 1919 rabies
599 1905 629 1918 ..
653 1852 713 1918 sed
736 1853 837 1918 modo
861 1853 1100 1919 subsidunt..

276 1962 333 2027 Sic
349 2014 356 2028 .
371 2015 378 2028 .
393 1961 532 2026 timores
549 2011 555 2024 .
572 2015 580 2030 .
599 1983 693 2048 spem
708 1960 870 2048 placandi
886 1960 1038 2047 dantque
1053 1968 1253 2048 negantque
1274 1961 1347 2028 tui!

257 2069 360 2154 Verg.
385 2067 484 2133 Geor.
508 2068 558 2132 IV
584 2073 645 2132 170
671 2067 818 2132 ‘Fervet
841 2089 925 2155 opus
950 2119 981 2131 ..

275 2175 328 2239 Ac
350 2175 460 2241 veluti
483 2224 514 2239 ..
539 2173 705 2260 Cyclopes
730 2225 760 2240 ..
783 2181 971 2262 properant
994 2222 1026 2241 ..

274 2281 353 2346 Non
376 2281 476 2346 aliter
500 2333 530 2346 ..
554 2303 632 2368 apes
655 2302 749 2346 amor
772 2287 874 2366 urget
897 2280 1103 2365 habendi’.³)

258 2388 351 2466 Quin
375 2387 479 2453 etiam
494 2387 670 2473 Vergilius
694 2387 839 2452 alterum
860 2388 1095 2454 similitudinis
1118 2389 1309 2456 membrum
1323 2413 1347 2456 a

168 2494 436 2562 demonstrativa
450 2495 622 2583 particula
643 2494 825 2559 inductum
839 2494 902 2578 bis,
925 2495 1018 2580 quod
1041 2494 1196 2581 viderim,
1220 2497 1344 2564 omisit.

167 2600 250 2667 Aen.
274 2603 311 2666 H
335 2608 398 2667 626

274 2709 374 2774 ‘Turn
397 2760 428 2775 ..
451 2708 537 2772 mihi
560 2708 673 2774 visum
697 2708 874 2774 considere
896 2709 935 2773 in
956 2709 1055 2795 ignes
1078 2709 1182 2774 Ilium

273 2815 324 2880 Ac
346 2815 457 2881 veluti
480 2867 511 2884 ..
535 2837 657 2880 ornum
680 2863 712 2882 ..
736 2815 870 2880 instant
892 2815 1023 2880 Eruere
1047 2816 1215 2902 agricolae

273 2973 304 2990 ..
328 2922 388 2986 illa
490 2929 593 2987 nutat
617 2967 649 2992 ..
673 2921 784 2988 donec
808 2974 837 2988 ..
863 2923 975 2988 evicta
999 2974 1030 2989 ..

255 3028 461 3114 Congemuit
483 3029 658 3115 traxitque
681 3029 773 3115 iugis
797 3029 912 3095 avolsa
934 3029 1092 3094 ruinam’.
1138 3030 1189 3098 IV
1213 3037 1276 3096 402

275 3136 473 3222 ‘Migrantis
497 3159 616 3201 cernas
639 3143 781 3222 totaque
805 3159 847 3201 ex
869 3135 954 3201 urbe
978 3137 1117 3204 ruentis.

272 3241 324 3308 Ac
346 3244 509 3308 velut...
532 3242 694 3308 formicae
717 3241 818 3307 farris
842 3265 1003 3309 acervum
1027 3295 1057 3309 ..
1080 3245 1249 3332 populant
1272 3243 1342 3310 ...⁷

254 3349 296 3413 In
319 3349 395 3414 aliis
418 3356 533 3416 autem
553 3349 743 3415 enuntiatis
767 3351 909 3416 voculae
932 3354 985 3415 ‘ac
1000 3352 1108 3416 velut'
1134 3350 1342 3440 separandae

164 3462 252 3521 sunt.
299 3456 498 3522 Cuiusmodi
522 3457 714 3544 exemplum
737 3457 916 3524 invenitur
939 3481 991 3545 ap.
1015 3459 1115 3546 Prop.
1138 3459 1193 3523 HI
1217 3465 1271 3542 15,
1297 3464 1336 3523 31

162 3632 226 3687 Hal.
246 3634 300 3703 78).
338 3632 528 3687 Schneemann
553 3635 598 3704 (de
620 3635 767 3689 verborum
792 3653 854 3689 cum
878 3652 972 3705 praep.
993 3652 1081 3706 comp.
1101 3635 1177 3706 apud
1197 3635 1255 3690 Cat.
1276 3634 1337 3688 Tib.

162 3722 244 3792 Prop.
264 3724 417 3788 abactam,
445 3722 508 3776 Hal.
529 3723 582 3792 81).
620 3722 710 3778 Wolff
735 3724 780 3792 (de
803 3724 956 3778 enuntiatis
979 3724 1111 3796 interrog.
1132 3743 1176 3795 ap.
1197 3724 1256 3779 Cat.
1276 3723 1338 3778 Tib.

160 3810 243 3882 Prop.
272 3809 334 3866 Hal.
354 3811 406 3882 83).
443 3811 878 3883 Heymann(1nPr0p.quaest.
898 3830 985 3884 gram.
1007 3817 1036 3870 et
1054 3814 1176 3884 orthogr.
1200 3813 1264 3871 Hal.
1284 3814 1337 3883 83).

161 3899 263 3955 Hoerle
281 3900 332 3969 (De
351 3916 464 3954 casuum
482 3918 533 3956 usu
552 3900 634 3971 Prop.
672 3902 734 3956 Hal.
755 3903 808 3972 87).
900 3891 903 3896 ¹

252 3991 272 4058 ¹)
291 3989 409 4059 Hauptii
428 3989 515 4045 editio
533 4008 622 4060 nuper
640 3991 731 4062 (1885)
751 4009 768 4045 a
785 3991 911 4047 Vahleno
931 3995 1028 4046 curata
1047 4011 1064 4047 a
1082 3993 1186 4047 meite
1204 3994 1339 4062 usurpata

161 4080 212 4144 est,
228 4081 263 4131 ut
280 4078 311 4132 in
329 4078 517 4133 adscribendis
535 4081 658 4134 versibus
677 4083 756 4134 vetus
775 4081 911 4136 librorum
929 4083 1046 4151 partitio
1066 4082 1239 4138 retineretur.
1327 4129 1329 4132 .

250 4168 271 4238 9)
289 4168 394 4237 Haupt,
413 4186 507 4238 opusc.
527 4170 546 4223 I'
557 4188 585 4239 p.
602 4171 661 4224 111.

251 4259 270 4327 ³)
289 4256 342 4311 crr.
362 4255 494 4328 Ladewig
512 4258 548 4313 ad
566 4259 592 4312 h.
613 4259 630 4312 l.
651 4261 679 4313 et
698 4259 732 4314 de
751 4277 790 4327 re,
810 4277 882 4329 quae
900 4277 975 4315 nunc
993 4261 1149 4330 exponitur,
1168 4259 1279 4330 Forbig.
1300 4259 1337 4314 ad

160 4346 242 4417 Verg.
261 4347 329 4400 Aen.
349 4346 387 4398 VI
407 4348 467 4401 707.
