3008 4928
621 259 842 317 ..56-

145 433 261 496 manni
277 431 490 514 seutentiam,
513 430 657 496 Latinos
680 451 847 514 nusquam
862 427 987 492 dixisse
1004 426 1178 512 ‘quoniam
1193 425 1345 507 semel'„

146 537 347 604 refutabunt
369 537 454 602 haec
476 536 681 602 testimonia.
727 536 787 601 Ov.
812 535 866 600 Tr.
889 535 943 599 ΠΙ
968 541 995 618 8,
1020 540 1059 600 41

252 643 310 710 ‘At
333 644 495 730 quoniam
517 643 620 708 semel
643 650 695 707 est
718 641 796 708 odio
820 641 970 708 civiliter
992 663 1081 724 usus,

251 751 385 816 Mutato
408 749 517 816 levior
540 750 585 814 sit
608 747 692 835 fuga
714 755 831 814 nostra
853 748 950 813 loco’.
996 747 1077 813 Her.
1100 747 1174 812 XII
1200 755 1240 812 13

252 857 338 938 ‘Aut
361 857 463 922 semel
485 857 523 920 in
546 863 679 920 nostras
704 854 864 940 quoniam
886 876 978 920 nova
999 853 1123 942 puppis
1147 854 1291 918 harenas

250 964 401 1029 Venerat
424 1013 431 1026 .
455 1013 462 1026 .
485 962 573 1027 Isset
596 1012 602 1026 .
627 1012 633 1025 .
657 961 694 1025 in
717 961 837 1048 ignes’.

233 1076 261 1135 8.
300 1070 353 1134 De
376 1068 530 1135 versibus
554 1069 572 1132 Ι
596 1075 651 1151 21,
678 1077 695 1133 5
722 1075 804 1153 etqs.
834 1090 1038 1153 quamquam
1065 1067 1173 1132 multa
1201 1066 1322 1154 dispu-

143 1185 216 1242 tata
244 1185 337 1261 sunt,
365 1184 495 1259 tamen,
523 1175 718 1260 quicunque
746 1197 862 1240 eorum
885 1181 1126 1260 argumentum
1150 1173 1322 1261 dispicere

143 1283 267 1368 studet,
291 1282 494 1371 desperabit.
531 1281 653 1347 Lectio
677 1281 832 1346 codicum
855 1288 907 1346 est
921 1281 1005 1345 haec

250 1390 320 1455 ‘Sic
343 1397 378 1454 te
401 1395 536 1454 servato
559 1395 600 1452 ut
622 1389 754 1475 possint
777 1388 926 1474 gaudere
949 1394 1118 1475 parentes,

153 1526 155 1532 ¹
249 1495 321 1560 Nec
345 1500 414 1580 (ne)
442 1517 537 1560 soror
560 1503 636 1560 aeta
658 1495 727 1560 tuis
750 1495 877 1560 sentiat
901 1517 919 1558 e
941 1493 1103 1558 lacrimis:

251 1603 388 1668 Gallum
411 1625 472 1690 per
494 1602 623 1667 medios
652 1609 806 1689 ereptum
830 1601 983 1667 Caesaris
1007 1623 1102 1666 enses

247 1709 411 1797 Effugere
434 1709 571 1795 ignotas
593 1731 665 1774 non
687 1708 837 1797 potuisse
860 1731 989 1792 manus,

247 1818 295 1882 Et
311 1839 544 1902 quaecumque
560 1867 567 1880 .
583 1867 589 1880 .
606 1816 780 1881 invenerit
795 1838 870 1881 ossa
885 1867 892 1879 .
909 1867 915 1878 .
931 1815 1015 1880 haee
1031 1814 1116 1880 sciat
1132 1837 1203 1878 esse
1218 1813 1316 1878 mea’.

231 1923 325 2001 Quae
353 1922 470 2007 verba,
499 1922 528 1986 si
551 1923 653 1987 ‘acta’
677 1945 749 1987 non
777 1923 821 1987 ad
848 1922 1026 1987 morientis
1053 1920 1227 2004 mandata,
1256 1919 1318 1984 sed

140 2052 193 2094 res
216 2029 307 2095 bello
331 2037 444 2116 gestas
472 2027 697 2112 referrentur,
726 2028 962 2095 condicionem
990 2037 1031 2093 ut
1057 2028 1217 2113 intellegi
1238 2049 1317 2114 pos-

140 2145 224 2221 sent,
248 2136 408 2202 habitura
424 2159 495 2200 esse
510 2135 752 2200 Lachmannus
775 2136 918 2200 monuit.
953 2135 1018 2200 Oui
1034 2133 1172 2220 quidem
1197 2134 1240 2199 de
1254 2157 1316 2198 no-

140 2243 235 2308 tione
264 2243 365 2307 ‘acta'
393 2243 567 2308 assentior.
617 2243 667 2308 At
694 2243 814 2326 sorori,
848 2265 934 2328 quae
965 2241 1164 2308 horribilem
1195 2241 1315 2306 militis

141 2349 368 2415 calamitatem
391 2349 588 2436 comperiet,
611 2372 726 2415 nonne
753 2349 829 2413 illas
853 2371 987 2434 quoque
1010 2372 1063 2413 res
1087 2347 1177 2414 bello
1201 2355 1316 2434 gestas

140 2454 258 2519 audire
280 2455 382 2520 lieet?
413 2456 493 2520 Huc
515 2456 655 2540 accedit,
678 2464 726 2540 ut,
750 2464 867 2522 vetere
883 2456 1052 2543 scriptura
1068 2456 1153 2520 ‘nec'
1169 2462 1316 2540 retenta,

139 2559 282 2627 verbum
309 2561 532 2626 renuntiandi
555 2562 652 2647 quasi
679 2562 928 2627 desideraretur
950 2585 1062 2647 neque
1084 2561 1151 2627 tibi
1177 2585 1316 2650 persua-

140 2690 215 2732 sum
238 2675 338 2752 esset,
366 2669 585 2756 Propertium
607 2662 810 2756 particulam
834 2669 907 2733 ‘sic'
932 2691 1011 2734 cum
1033 2669 1236 2756 imperativo
1259 2667 1315 2734 fu-

139 2774 212 2838 turi
236 2775 459 2840 coniunxisse.
488 2775 609 2861 Itaque
633 2799 711 2840 cum
725 2776 915 2842 Passeratic
931 2775 1194 2861 Baehrenteque
1213 2797 1315 2841 vocu-

138 2881 207 2944 lam
230 2882 294 2946 ‘ut'
319 2881 415 2947 deleo
438 2889 542 2966 atque
565 2881 725 2947 Beroaldi
749 2883 978 2949 coniecturam
1002 2883 1110 2948 ‘haec’
1134 2905 1196 2970 pro
1221 2883 1312 2947 ‘nec’

138 2987 290 3052 restituo.
336 2988 428 3052 Illud
451 2989 603 3076 adiungo
626 3012 726 3054 voces
742 2989 839 3054 ‘haec
861 2990 949 3054 acta’
975 2990 1046 3054 eius
1069 2990 1228 3073 animum,
1253 2989 1314 3074 qui

139 3091 237 3157 audit
260 3093 331 3159 sive
354 3094 453 3180 legit,
482 3093 526 3158 ad
549 3095 726 3180 sequentia
754 3095 939 3160 attendere.
986 3096 1079 3173 Quae
1105 3119 1176 3161 esse
1199 3097 1315 3162 tristia

142 3221 235 3264 soror
259 3222 277 3263 e
299 3200 415 3264 nuntii
432 3201 579 3266 lacrimis
603 3203 729 3267 sentire
751 3209 873 3290 potest.
919 3203 1047 3266 Verum
1071 3203 1151 3288 quia
1174 3203 1222 3268 eis
1245 3204 1315 3268 sin-

140 3306 258 3392 gulare
281 3306 436 3372 mandati
458 3317 698 3394 argumentum
720 3309 780 3374 vix
804 3309 1017 3396 comperitur,
1040 3310 1185 3375 verbum
1201 3309 1313 3375 ‘sciat'

138 3413 176 3475 in
190 3412 377 3500 posteriore
393 3415 584 3480 sententiae
598 3415 750 3481 membro
767 3415 968 3481 collocatum
983 3415 1027 3480 ad
1042 3417 1189 3504 priorem
1205 3440 1313 3482 enun-

141 3519 219 3584 tiati
242 3526 374 3606 partem
397 3521 551 3586 revocari
573 3523 760 3587 maluerim.
806 3523 858 3587 De
886 3523 951 3588 hac
973 3529 1151 3610 poetarum
1174 3523 1315 3588 lieentia

140 3623 221 3708 (ἀπὸ
245 3626 364 3708 κοινοῦ)
388 3625 462 3690 dixi
484 3651 516 3715 p.
534 3634 573 3692 51
600 3637 635 3693 et
659 3637 710 3694 52.

227 3732 301 3796 Iam
328 3732 366 3796 in
389 3756 428 3798 eo
453 3741 517 3817 est,
545 3741 585 3798 ut
609 3757 700 3800 meas
724 3735 767 3800 de
789 3736 969 3823 Propertio
993 3737 1208 3821 quaestiones
1232 3759 1313 3802 con·

139 3839 281 3904 cludam.
327 3839 370 3903 In
393 3864 441 3905 vs.
465 3840 516 3906 IV
540 3852 569 3925 4,
594 3850 635 3907 55
659 3843 761 3907 lectio
786 3842 911 3908 codicis
934 3843 1038 3931 Neap.

246 3945 324 4029 ‘Sic,
347 3945 477 4034 hospes,
501 3949 676 4035 pariamne
699 3957 760 4014 tua
782 3949 903 4035 regina
926 3949 989 4014 sub
1012 3951 1112 4020 aula’.

139 4075 177 4118 ea
201 4052 243 4116 de
267 4074 367 4117 causa
395 4075 455 4118 suo
482 4055 557 4120 loco
585 4062 715 4121 remota
748 4065 811 4140 est,
846 4056 926 4140 quia
948 4056 1086 4122 Lachm.
1109 4057 1313 4144 particulam

139 4160 206 4224 ‘ne’
232 4183 367 4224 sensum
391 4170 545 4227 evertere
568 4185 679 4246 neque
702 4185 820 4228 vocem
844 4161 991 4248 ‘hospes'
1015 4162 1059 4227 ad
1077 4162 1214 4227 Tatium
1236 4185 1313 4249 per·

138 4267 249 4332 tinere
282 4265 521 4332 affirmaverat.
568 4268 635 4345 Qui
668 4291 744 4333 cum
777 4269 975 4333 correxerit,
995 4268 1045 4333 ‘Si
1074 4269 1221 4334 coniunx
1253 4291 1313 4356 pa-
