3008 4928
601 289 821 349 ..19-

121 457 176 524 ΙΠ
202 467 230 543 7,
254 467 305 525 46.
337 461 511 526 Particula
533 461 673 526 ‘tamen’
694 460 792 526 nobis
815 461 958 528 offertur
980 463 1034 528 ΙΠ
1059 469 1109 549 15,
1126 472 1166 530 32
1192 465 1296 552 ι8611,

121 571 239 631 tamen
269 567 378 654 pietas
402 568 448 633 ..’
495 566 563 633 Ofr.
593 567 665 633 Tib.
694 567 768 652 19,
794 576 812 632 4
846 568 954 652 ‘Sera,
986 577 1102 636 tamen
1129 622 1158 637 ..
1186 595 1298 660 poena

122 671 241 738 venit'.
279 673 381 760 Verg.
397 675 469 739 1161
493 675 511 739 Ι
533 681 571 739 27
598 673 777 759 ‘Libertas
800 697 886 760 quae
910 698 985 741 sera
1007 685 1123 744 tamen
1145 681 1296 768 respexit

121 779 289 845 inertem'.
335 781 396 846 Ov.
419 781 495 848 Am.
518 781 572 846 HI
597 789 625 865 0,
652 787 700 846 71.

211 886 344 964 Quibus
367 887 529 976 exemplis
552 887 846 953 adnumerandum
860 911 931 954 esse
946 911 1065 956 censeo
1079 893 1296 959 enuntiatum

120 993 176 1057 m
200 998 250 1077 15,
275 1001 316 1058 23
346 995 501 1061 ‘invocet
522 995 674 1083 Antiope
697 1017 799 1081 quem
821 995 890 1060 nisi
911 995 1030 1062 vincta
1052 997 1190 1064 Iovem?

234 1099 322 1184 Sola,
345 1109 461 1167 tamen
484 1153 490 1166 .
510 1153 517 1166 .
540 1102 689 1189 Regales
710 1102 861 1167 manicas
883 1103 1000 1190 rupit'.

121 1204 196 1292 ubi,
234 1208 325 1293 quod
356 1209 632 1276 coniunctionem
667 1232 688 1274 a
718 1209 937 1296 praecedenti
973 1232 1057 1276 voce
1090 1211 1186 1277 ‘sola'
1225 1231 1295 1278 non

123 1313 369 1400 distinxenmt,
396 1316 509 1382 critici
535 1338 605 1383 non
631 1323 723 1382 reete
749 1315 871 1382 fecisse
897 1315 984 1381 mihi
1006 1317 1178 1384 videntur.
1223 1319 1296 1384 Nec

122 1427 238 1486 tamen
260 1422 423 1508 negarim,
451 1423 487 1488 in
514 1421 686 1488 talismodi
708 1421 886 1488 sententiis
913 1423 1117 1510 particulam
1139 1424 1296 1491 adversa

121 1527 230 1594 tivam
253 1551 353 1616 saepe
375 1530 547 1617 pertinere
571 1529 615 1594 ad
629 1536 742 1594 totum
757 1551 900 1612 versum,
924 1551 1025 1615 quem
1043 1530 1094 1595 ita
1109 1531 1297 1617 continuat,

121 1641 162 1699 ut
184 1655 261 1699 acre
284 1636 493 1702 eontrarium
515 1659 586 1701 non
608 1636 788 1701 sentiatur:
824 1636 879 1700 ΠΙ
904 1645 932 1720 7,
958 1643 998 1701 55

234 1743 371 1807 ‘Paetus
394 1749 435 1807 ut
457 1741 635 1826 occideret,
658 1749 713 1808 tot
735 1742 844 1807 coiere
866 1741 963 1806 mala.

233 1848 338 1913 Flens
359 1856 476 1914 tamen
499 1849 658 1914 extremis
682 1848 780 1914 dedit
801 1848 885 1913 haec
909 1899 941 1914 ..
965 1849 1146 1934 querellis'.

234 1955 459 2020 011161.Πῖ
474 1961 537 2020 719
562 1956 646 2020 ‘ruit
669 1956 777 2020 omnis
800 1955 838 2020 in
859 1977 968 2020 unum
982 1955 1097 2020 Turba
1119 1953 1235 2022 fimens

234 2061 376 2127 Saucius
398 2063 457 2127 1116
479 2069 595 2128 tamen
619 2061 684 2126 ‘fer
706 2083 813 2149 opem,
835 2062 1036 2146 matertera',
1060 2062 1165 2128 dixit'.

215 2177 244 2234 7.
277 2169 352 2246 Qua
373 2169 506 2235 ratione
524 2175 643 2257 poetae
666 2169 703 2232 in
716 2167 928 2256 opponendis
942 2168 1121 2234 sententiis
1139 2169 1296 2236 voculam

122 2276 263 2340 ‘tamen’
286 2274 603 2361 frequentaverimt.
649 2277 748 2363 Prop.
772 2275 790 2340 Ι
814 2281 863 2359 17,
888 2282 907 2340 9

235 2381 439 2448 Η1111111611
461 2383 499 2446 in
520 2382 641 2448 melius
664 2403 780 2448 saevas
804 2387 968 2447 converte
991 2382 1158 2467 querellas
1181 2433 1187 2446 .
1212 2433 1219 2447 .

233 2487 290 2553 An
312 2490 440 2577 poteris
463 2489 561 2554 siccis
584 2511 659 2553 mea
680 2487 753 2554 fata
776 2507 946 2576 opponere
971 2488 1117 2554 ocellis?’

212 2597 273 2662 0v.
295 2595 377 2661 Met.
399 2596 454 2660 IX
479 2603 542 2661 326
567 2595 628 2660 ‘Te
650 2602 765 2660 tamen
780 2645 810 2660 ..
833 2595 964 2660 alienae
988 2647 1017 2662 ..
1040 2602 1156 2661 movet
1176 2593 1294 2679 facies3

121 2701 206 2787 quid
238 2702 268 2766 si
294 2701 360 2767 tibi
388 2756 426 2769 ..
458 2703 581 2768 sororis
612 2703 702 2767 Fata
724 2755 732 2770 .
755 2753 762 2766 .
785 2700 962 2766 referam?
1008 2700 1085 2768 Am.
1107 2701 1162 2766 ΙΠ
1186 2709 1219 2786 2,
1243 2708 1294 2768 21.

120 2811 222 2897 Prop.
250 2809 286 2874 Π
316 2817 370 2894 13,
401 2817 439 2875 51
485 2809 550 2874 ‘ru
581 2817 698 2875 tamen
729 2809 850 2874 amisso
886 2830 956 2873 non
991 2830 1166 2894 nunquam
1196 2807 1294 2874 flebis

120 2917 244 2982 amico:
282 2917 349 2981 Fas
373 2924 425 2982 est
447 2917 648 3004 praeteritos
672 2938 803 3004 semper
825 2937 937 2980 amare
961 2915 1054 2980 viros
1078 2969 1084 2982 .
1109 2967 1115 2979 .
1140 2967 1147 2979 .
1171 2966 1177 2980 .

234 3022 303 3088 Sed
325 3021 453 3088 firistra
476 3031 588 3088 mutos
611 3021 794 3106 revocabis,
818 3020 977 3108 Cynthia,
1001 3021 1138 3088 manes’.

212 3130 262 3196 IV
288 3136 338 3214 11,
363 3137 403 3195 85
429 3129 509 3196 ‘Seu
531 3137 647 3195 tamen
671 3179 677 3193 .
701 3177 709 3194 .
732 3129 875 3194 mutarit
896 3129 1001 3193 ianua
1022 3128 1150 3194 lectum
1173 3180 1179 3194 .
1204 3178 1211 3192 .

234 3236 303 3301 Seu
311 3257 438 3302 memor
453 3235 511 3301 ille
526 3257 601 3300 mea
616 3243 798 3300 contentus
812 3235 975 3300 manserit
988 3233 1130 3299 umbra’.
1154 3238 1215 3318 (vs.
1230 3237 1294 3318 91).

211 3343 266 3408 HI
291 3349 340 3427 12,
366 3350 382 3408 7
409 3343 474 3408 ‘Tu
496 3349 611 3408 tamen
633 3343 762 3407 iniecta
782 3349 903 3425 tectus,
926 3363 1060 3426 vesane,
1083 3341 1220 3406 lacerna

234 3448 373 3514 Potabis
396 3450 494 3535 galea
516 3447 624 3514 fessus
646 3447 770 3512 Araxis
793 3469 924 3533 aquam.

233 3555 299 3620 1111
321 3555 458 3640 quidem
482 3555 514 3640 (i.
529 3577 556 3620 6.
580 3554 773 3637 sicherlich)
796 3603 803 3617 .
827 3603 835 3618 .
857 3552 1010 3618 tabescet
1033 3603 1039 3618 .
1064 3553 1080 3620 .’

112 3713 115 3720 .
211 3661 273 3726 Ov.
286 3662 367 3729 Met.
382 3662 414 3726 V
429 3669 493 3727 200
518 3661 578 3725 ‘Hi
600 3668 760 3727 tamen..
783 3681 908 3747 poenas
929 3655 1062 3724 subiere
1085 3710 1092 3723 .
1116 3658 1175 3724 sed
1188 3660 1293 3729 unus’.

210 3767 267 3833 IX
290 3774 331 3834 98
356 3767 472 3832 ‘Hunc
493 3774 611 3832 tamen
634 3817 642 3830 .
667 3819 673 3834 .
697 3765 829 3831 domuit
850 3765 983 3830 iactura
1006 3764 1138 3830 decoris
1161 3816 1169 3830 .
1193 3817 1199 3831 .
1244 3764 1296 3831 Aa

119 3883 164 3958 te,
188 3875 311 3940 Nesse'.
344 3874 435 3939 XIH
456 3879 528 3940 740,
560 3870 669 3940 AmI
692 3882 721 3957 4,
736 3880 787 3940 41.
814 3871 1097 3956 'iristvlaas
1130 3871 1228 3956 me,
1242 3877 1295 3940 81.

121 3979 196 4048 Cat.
221 3989 272 4065 64,
296 3987 359 4045 249
384 3980 492 4058 ‘Quae
518 3988 634 4046 tamen
658 4032 689 4047 ..
711 3978 921 4045 volvebat..
945 3999 1051 4044 curas.
1074 3977 1183 4045 At..
1208 3978 1295 4044 voli-

119 4081 220 4154 tabat
241 4087 406 4154 Iacchus’.

211 4195 273 4262 Ov.
295 4193 370 4259 Art
394 4217 457 4261 am.
480 4193 516 4261 Π
539 4202 601 4261 405
633 4192 739 4259 ‘Haec
761 4203 876 4258 tamen
899 4191 1065 4258 audierat
1103 4191 1295 4258 Pnameida

121 4300 258 4366 viderat
278 4301 410 4389 ipsam'.
1044 4391 1081 4444 2*
