3008 4928
641 272 863 334 „13-

274 445 360 512 ‘Illic
384 447 441 513 vel
463 445 618 530 studiis1)
643 444 794 511 animum
817 445 997 510 emendare
1019 443 1174 511 Platonis

272 551 440 641 Incipiam
463 559 523 618 aut
545 551 662 636 hortis,
686 552 786 618 docte
808 552 966 639 Epicure,
989 553 1066 617 tuis.

272 663 462 745 Persequar
484 667 545 726 aut
567 659 720 724 studium
741 658 904 744 linguae.
921 710 928 722 .
945 659 961 722 .'

203 764 207 772 '
257 767 403 832 Mueller
436 773 470 830 et
501 765 676 830 Baehrens
713 765 790 830 ‘aut'
827 787 889 853 pro
926 765 997 830 ‘vel'
1031 769 1229 852 posuerunt,
1263 785 1340 828 cum

167 873 420 960 Hertzbergius
452 871 657 938 sententiam
684 870 816 936 Handii
843 877 979 936 secutus
1010 871 1152 938 voculae
1183 869 1255 937 ‘vel’
1288 869 1358 933 in·'

169 981 340 1048 tensivam
372 979 444 1045 vim
481 977 651 1045 tribuerit.
702 977 752 1044 At
788 977 873 1062 quid
903 984 975 1042 tam
1005 977 1142 1062 mirum,
1175 976 1205 1042 si
1239 983 1341 1065 poeta

167 1088 316 1154 Athenis
339 1085 573 1175 philosophiae
597 1085 710 1152 studio
734 1107 805 1150 sese
822 1085 963 1150 daturus
986 1085 1058 1150 est?
1101 1083 1340 1150 Lachmannus

167 1195 278 1282 igitur
300 1194 388 1259 illud
403 1193 575 1259 distichon
598 1193 640 1259 ab
664 1193 910 1280 interpolatore
925 1190 1118 1280 proiectum
1141 1214 1212 1257 esse
1230 1195 1341 1279 putat.

169 1301 219 1376 At
227 1301 256 1366 is
267 1323 327 1366 our
335 1323 406 1366 non
416 1301 492 1365 ‘aut'
507 1299 656 1365 malebat
669 1284 824 1383 scribere,
839 1321 917 1364 cum
925 1299 1125 1386 praesertim
1134 1299 1206 1365 ‘vel'
1215 1319 1341 1386 ponere

168 1415 279 1474 metro
306 1430 378 1473 non
405 1407 605 1494 cogeretur?
651 1408 756 1489 Porro
779 1405 1021 1471 Lachmannus
1049 1413 1084 1472 et
1106 1405 1149 1469 H.
1173 1404 1340 1487 Keiliusl)

115 1540 117 1546 ’
170 1515 276 1602 longa
296 1514 529 1602 disputatione
552 1513 827 1579 consecutionem
850 1516 918 1577 ‘aut
940 1551 985 1560 -
1007 1512 1071 1578 vel
1095 1518 1341 1596 tractaverunt,

170 1622 232 1688 sed
255 1622 297 1687 de
320 1622 538 1709 responsione
561 1621 626 1687 ‘vel
649 1659 692 1670 -·
716 1620 783 1686 aut’
807 1642 879 1685 non
902 1620 1011 1685 multa
1034 1618 1276 1684 disseruerunt.

259 1729 364 1795 Nune
387 1728 565 1794 considera
586 1750 718 1793 mecum
740 1728 854 1793 locum
877 1727 937 1793 Or.
960 1727 1042 1792 Met.
1064 1726 1136 1792 XV
1159 1733 1223 1792 600

447 1839 515 1901 ‘vos
538 1834 623 1900 urbe
646 1835 760 1901 virum
781 1831 968 1922 prohibebo,
993 1833 1152 1917 Quirites,

275 1942 349 2025 Vel,
373 1941 403 2006 si
425 1942 552 2028 diguus
576 1941 650 2025 erit,
674 1940 837 2027 gravibus
861 1940 990 2006 vincite
1013 1939 1151 2023 eatenis,

274 2045 348 2113 Aut
369 2048 467 2113 finite
489 2055 619 2112 metum
641 2046 757 2113 fatalis
780 2053 889 2112 morte
911 2045 1070 2133 tyranni'.

169 2154 239 2222 iam
263 2152 435 2238 concedes,
459 2154 605 2218 alterum
624 2154 813 2219 membrum
837 2153 1040 2241 aparticula
1062 2153 1138 2218 ‘aut’
1162 2151 1344 2216 inductum

170 2283 249 2346 non,
272 2266 313 2326 ut
334 2260 534 2348 Kuehner³)
557 2260 753 2345 arbitratur,
781 2261 960 2326 enuntiato
983 2264 1052 2327 ‘vos
1075 2259 1160 2324 urbe
1184 2259 1254 2344 sqq'
1277 2281 1343 2324 res·

169 2367 321 2455 pondere
336 2389 447 2453 neque
463 2367 609 2432 alterum
623 2366 820 2451 membrum,
845 2367 937 2452 quod
953 2389 972 2431 a
986 2366 1109 2432 vocula
1124 2367 1196 2432 ‘vel'
1212 2366 1343 2454 incipit,

170 2474 215 2539 ab
238 2474 298 2539 illa
320 2473 494 2538 sententia
517 2477 586 2539 ‘vos
609 2472 694 2538 urbe
718 2473 798 2558 sqq!
821 2472 971 2560 pendere
993 2494 1099 2560 posse.

261 2581 387 2647 Versus
415 2582 476 2648 Ov.
504 2581 592 2645 Ibid.
622 2563 688 2646 297⁴
715 2588 750 2646 et
777 2588 842 2646 469
876 2581 941 2646 etsi
974 2580 1147 2646 sententia
1179 2601 1295 2645 eorum
1324 2602 1344 2644 a

171 2688 295 2753 vocula
318 2689 389 2754 ‘vel'
413 2688 549 2775 incipit,
577 2711 647 2753 non
671 2688 874 2772 adscribam,
903 2688 984 2773 quia
1006 2695 1107 2776 poeta
1129 2690 1167 2751 in
1188 2688 1248 2752 illo
1273 2709 1344 2752 car-

170 2794 264 2859 mine
292 2795 551 2860 eoniunotiones
579 2795 655 2860 ‘aut'
685 2801 719 2860 et
752 2795 824 2862 ‘vel'
857 2795 959 2859 nimis
986 2794 1136 2860 variavit
1168 2817 1273 2879 eaque
1302 2794 1344 2859 de

171 2922 273 2965 causa
303 2901 471 2967 minorem
503 2901 606 2968 habet
638 2903 886 2968 auctoritatem.
937 2901 1029 2978 Quid
1060 2901 1153 2987 quod
1179 2902 1344 2967 Horatius

171 3007 357 3094 particulas
387 3008 610 3074 disiunctivas
638 3009 828 3096 promiscue
855 3008 1036 3096 usurpavit
1064 3008 1173 3073 Germ.
1201 3008 1219 3072 Ι
1249 3015 1276 3093 7,
1306 3008 1345 3074 1?

173 3113 285 3200 Magis
308 3121 423 3179 autem
451 3114 604 3202 apposite
633 3114 677 3179 ad
704 3115 958 3203 persuasionem
984 3115 1092 3179 locuti
1115 3120 1196 3179 sunt
1219 3115 1344 3180 Juven.

172 3220 227 3284 HI
244 3225 306 3286 120
332 3221 401 3286 ‘ubi
415 3228 540 3308 regnat
555 3222 766 3308 Protogenes
790 3222 913 3307 aliquis
928 3222 985 3288 vel
998 3221 1159 3308 Diphilus
1183 3227 1242 3286 aut
1257 3221 1344 3286 Her-

174 3327 350 3392 marchus’.
397 3336 500 3414 atque
524 3328 653 3394 Statius
676 3329 730 3393 ΙΠ
755 3337 782 3414 5,
808 3336 849 3394 20
874 3333 917 3394 ‘et
940 3328 969 3393 si
992 3328 1122 3414 gelidas
1145 3328 1230 3394 irem
1252 3351 1345 3393 man-

173 3456 271 3498 surus
295 3435 339 3499 ad
354 3435 478 3500 Arctos
494 3436 560 3501 Vel
583 3458 684 3523 super
699 3436 886 3523 Hesperiae
908 3435 998 3502 vada
1021 3435 1205 3522 caligantia
1220 3435 1344 3500 Thales

174 3537 249 3604 A'ut
272 3542 534 3628 septemgemini
557 3549 660 3630 caput
683 3542 942 3629 impenetrabile
957 3542 1037 3626 Nili,
1060 3543 1231 3607 Partirere
1253 3543 1344 3608 vias’.

264 3646 395 3724 Quibus
410 3649 448 3712 in
462 3648 593 3713 duobus
610 3649 798 3714 enuntiatis
813 3656 930 3714 utrum
946 3649 1134 3714 sententiae
1149 3647 1344 3732 membrum,

174 3751 267 3838 quod
283 3753 481 3840 aparticula
495 3755 819 3840 disiunctivavaoat,
836 3754 1133 3821 coniunctionibus
1150 3755 1267 3820 ‘vel—
1277 3756 1344 3820 aut’

173 3860 363 3943 antecedat,
387 3883 501 3946 neone,
524 3862 612 3926 nihil
628 3861 742 3928 refert.
781 3864 869 3928 Nam
883 3863 967 3928 talia
983 3862 1135 3949 exempla
1156 3869 1191 3927 et
1206 3861 1344 3926 Lachm.

173 3965 211 4030 in
234 3966 441 4054 disputanda
464 3969 701 4035 consecutione
724 3973 793 4034 ‘aut
815 4009 859 4018 -
881 3970 945 4036 vel’
969 3969 1112 4034 notavit.

265 4129 285 4198 1)
304 4127 419 4182 ‘stadiis'
438 4127 559 4183 Broulrh.
580 4131 608 4183 et
626 4129 743 4184 Mueller
760 4129 859 4184 melius
878 4129 1055 4198 scripserunt.

265 4217 286 4286 9)
305 4215 376 4288 Keil,
397 4221 502 4287 quaest.
522 4217 583 4284 crit.
601 4218 631 4271 in
649 4219 729 4288 Prop.
749 4239 777 4288 p.
795 4221 837 4272 47.

266 4306 287 4374 8)
307 4304 437 4360 Kuehner
455 4305 480 4358 ΙΙ
500 4307 559 4361 712.
