3008 4928
669 248 888 307 ..4⁷2-

202 447 204 452 ·
281 417 372 483 Illud
396 419 563 505 Scalig'eri
586 419 764 484 consilium
782 420 817 484 si
839 419 906 484 tibi
928 421 1049 507 placet,
1072 441 1115 484 ne
1139 407 1216 484 alio·
1229 419 1367 504 quidem

190 523 265 589 loco
287 525 337 590 IV
362 532 411 608 10,
438 533 476 592 18
501 522 787 613 praepositionem
810 526 937 591 reicies.
964 527 1124 611 ¹Namque
1148 515 1244 591 cedd.
1260 525 1366 612 Neap.

190 631 281 696 Flor.
309 632 395 698 Dav.
428 632 591 698 exhibent
622 633 804 698 lectionem
833 631 990 720 ι1110101,
1024 655 1100 696 cum
1133 625 1203 698 cod.
1227 631 1305 698 Vat.
1332 641 1366 697 et

190 738 281 804 Flor.
300 748 318 803 2
342 761 429 804 man.
453 741 536 804 haec
558 739 711 804 tradant:
750 787 752 790 -
844 765 845 770 ¹

206 869 208 875 ’
303 846 419 912 ‘Urbis
443 845 651 930 virtutisque
673 867 795 933 parens
819 845 874 910 110
889 846 1029 910 vincere
1052 847 1172 929 suevit,
1197 877 1200 882 ·

349 952 417 1029 Qui
439 953 521 1017 tulit
545 952 659 1039 aprico
682 951 811 1038 frigida
834 960 944 1017 castre
966 953 1057 1017 lare’.
1150 970 1152 974 '

279 1059 482 1124 Rectissime
514 1059 622 1144 igitur
649 1058 830 1141 Jacobus1)
863 1057 1061 1124 facillimam
1093 1059 1364 1124 emendationem

195 1167 223 1228 ‘a
246 1165 360 1251 perco'
387 1188 407 1229 a
428 1165 622 1230 Baehrente
650 1166 721 1230 solo
749 1172 921 1251 receptam
943 1166 1126 1253 proposuit.
1148 1157 1150 1160 ⁵
1172 1165 1360 1231 Enimvero
1443 1154 1445 1160 ¹

191 1271 275 1354 quid
290 1273 403 1336 valeat
418 1272 505 1336 illud
529 1272 656 1359 ‘aprico
679 1272 771 1356 lare’,
795 1272 855 1337 vix
877 1272 1103 1358 intellegitur,
1128 1294 1205 1336 cum
1227 1279 1363 1338 retenta

190 1377 381 1443 elocutione
410 1382 442 1442 ‘a
468 1379 583 1465 parco'
611 1379 776 1443 victoriae
804 1379 955 1462 Romuli,
984 1379 1076 1464 quod
1103 1377 1260 1463 sentiam,
1293 1401 1362 1444 mo-

190 1482 306 1548 destae
335 1492 583 1570 contentaeque
611 1485 704 1550 vitae
732 1486 902 1572 praeclare
930 1491 1148 1572 opponantur
1174 1486 1363 1570 voculaque

191 1590 237 1654 ‘a'
254 1590 373 1655 relicta
396 1592 490 1656 sedes
506 1591 679 1656 indicetur
695 1591 812 1656 eadem
835 1591 968 1656 ratione
984 1599 1087 1676 atque
1110 1592 1148 1657 in
1170 1615 1218 1657 vs.
1235 1592 1363 1658 ‘Sensit

190 1696 233 1761 ab
257 1697 391 1762 Oetaeis
414 1699 540 1784 gaudia
563 1699 673 1785 prima
694 1699 807 1784 iugis'.

280 1807 310 1887 e)
338 1804 523 1889 Reliquum
548 1811 607 1888 111,
630 1812 670 1869 ut
694 1827 861 1891 exponam
885 1805 927 1870 de
950 1809 998 1870 vs.
1022 1805 1040 1868 l
1065 1811 1114 1888 12,
1141 1811 1180 1869 19

302 1911 364 1974 ‘Mi
386 1934 498 1996 neque
514 1933 626 1975 amare
643 1911 743 1974 aliam
759 1934 869 1994 neque
886 1910 928 1974 ab
949 1910 1013 1974 hac
1029 1911 1191 1976 desistere
1206 1910 1274 1976 fast
1291 1913 1363 1978 est’.

191 2016 277 2080 Cum
301 2017 395 2082 codd.
419 2018 523 2104 Neap.
549 2024 583 2082 et
606 2017 701 2082 Voss.
726 2017 924 2081 ‘dissistere’
948 2017 1105 2099 verbum,
1129 2018 1225 2081 cuius
1248 2041 1363 2082 veram

188 2121 333 2187 formam
350 2124 535 2188 ‘desistere’
553 2124 705 2189 servavit
722 2123 793 2188 cod.
810 2124 909 2206 Flor.‚
932 2124 1143 2208 tradiderint,
1167 2147 1363 2210 persuasum

189 2228 311 2313 habe0,
347 2229 513 2296 librorum
545 2231 622 2296 Vat.
661 2237 696 2296 et
728 2231 813 2295 Dav.
847 2231 1050 2317 scripturam
1083 2231 1282 2296 ‘discedere'
1321 2231 1362 2296 ab

188 2336 343 2423 Hauptio
370 2337 595 2421 Vahlenoque
622 2344 794 2424 receptam
825 2337 894 2402 levi
920 2344 1091 2402 momento
1119 2338 1364 2402 aestimandam

189 2465 269 2506 esse.
315 2443 393 2506 Huc
426 2443 570 2527 accedit,
603 2451 643 2508 ut
670 2445 770 2530 Prop.
796 2442 900 2509 verbo
930 2443 1117 2508 ‘desistere’
1146 2467 1226 2509 usus
1255 2445 1300 2510 sit
1327 2445 1364 2508 in

189 2548 292 2612 simili
315 2550 485 2614 sententia
508 2549 544 2613 Π
569 2557 618 2633 20,
644 2557 685 2614 36
799 2585 801 2588 >

301 2656 389 2720 ‘Hoc
412 2656 497 2720 mihi
519 2664 684 2744 perpetuo
707 2656 760 2720 ius
785 2664 843 2739 est,
868 2657 960 2741 quod
983 2658 1073 2722 solus
1096 2665 1227 2722 amator

344 2762 416 2826 Nec
440 2762 507 2827 cito
531 2760 656 2828 desisto
680 2785 742 2829 nec
765 2770 892 2828 temere
915 2761 1063 2850 incipio'.
1109 2783 1110 2786 ’

189 2876 292 2952 atque
315 2869 407 2933 illius
423 2869 520 2934 verbi
544 2877 717 2934 structura
741 2869 905 2934 offeratur
927 2893 977 2956 ap.
994 2871 1104 2936 Plaut.
1120 2871 1209 2935 Men.
1225 2869 1257 2934 V
1275 2880 1303 2953 2,
1322 2879 1360 2936 27

189 2975 343 3040 ι11111111
367 2983 402 3040 te
426 2977 533 3040 iratus
557 2975 722 3040 destitit?’

280 3090 308 3146 2.
342 3083 402 3146 De.

279 3192 310 3271 a)
341 3189 395 3252 Pr.
419 3188 473 3253 III
498 3197 530 3272 9,
557 3195 572 3252 1
608 3189 798 3253 ‘Maecenas
827 3211 928 3273 eques
952 3189 1096 3254 Etrusco
1125 3189 1167 3254 de
1196 3190 1362 3275 sanguine
1447 3197 1452 3210 ⁶

189 3296 330 3380 regum’.
376 3295 412 3358 Π
438 3303 464 3377 7,
491 3301 530 3359 14
556 3295 690 3359 ‘Nullus
715 3296 756 3360 de
779 3303 895 3360 nostro
919 3296 1086 3381 sanguine
1108 3296 1204 3360 miles
1230 3296 1316 3361 erit⁷.

277 3400 313 3484 b)
346 3401 450 3484 Ordo,
493 3401 530 3465 in
569 3424 635 3485 quo
674 3402 750 3487 quis
788 3401 1002 3488 reponendus
1041 3409 1108 3485 111,
1148 3401 1362 3488 significatur

188 3507 375 3592 111Π24,
401 3515 441 3572 30
486 3509 572 3573 ‘Iam
604 3507 671 3573 tibi
707 3509 749 3573 de
785 3508 915 3573 timidis
951 3508 1016 3573 iste
1054 3517 1235 3596 protervus
1274 3509 1360 3574 erit’.

188 3614 250 3680 Ov.
273 3613 348 3678 Am.
373 3615 427 3680 HI
451 3626 483 3698 3,
509 3622 550 3679 46
590 3616 650 3680 ‘Et
677 3638 746 3680 non
773 3614 815 3680 de
843 3614 974 3679 tetricis
1004 3614 1134 3680 dicerer
1157 3637 1228 3680 esse
1257 3610 1367 3679 deus'.¹

188 3721 281 3785 Fast.
304 3722 337 3786 V
361 3728 421 3787 351
449 3725 532 3787 ‘non
556 3729 607 3786 est
631 3722 673 3786 de
695 3743 819 3808 magna
842 3719 1023 3808 professis’.
1364 3787 1366 3794 ,

279 3831 308 3910 0)
336 3829 391 3892 Pr.
414 3829 451 3893 H
475 3835 529 3912 29,
556 3834 594 3893 17
626 3827 820 3892 ‘Afflabunt
847 3827 914 3892 tibi
941 3851 1012 3892 non·
1031 3826 1185 3892 Arabum
1214 3828 1256 3894 de
1284 3851 1360 3914 gra-

188 3934 279 3998 mine
303 3935 443 3999 odores’.
490 3936 507 3999 Ι
533 3944 564 4019 5,
592 3943 633 4001 26
663 3935 786 4012 ‘Quam
810 3935 877 3999 cito
902 3935 1064 4000 detento
1087 3935 1224 4000 nomine
1247 3957 1362 4000 rumor

189 4040 276 4106 eris'.
314 4063 380 4125 quo
405 4065 446 4106 ex
470 4042 649 4108 enuntiato
673 4042 844 4129 praeclare
873 4041 1104 4127 cognoscitur,
1134 4064 1201 4126 qua
1228 4041 1361 4106 ratione

187 4147 393 4235 praepositio
418 4171 553 4213 causam
576 4148 727 4212 indicare
751 4148 912 4234 coeperit:
959 4231 961 4236 Ι

279 4283 299 4350 ¹)
317 4281 360 4334 Fr.
373 4281 482 4348 Jacobs,
503 4279 603 4334 Philol.
632 4281 657 4333 II
675 4299 703 4350 p.
716 4281 776 4334 452.
