3008 4928
639 259 861 316 -27-

160 426 332 492 Nimirum
347 433 468 515 potest,
483 433 524 492 ut
538 429 672 515 poetico
691 452 783 495 more
803 451 884 495 saxa
900 430 1075 496 animandi
1091 432 1158 516 (vd.
1175 455 1207 498 v.
1220 439 1269 498 19.
1282 439 1336 517 21)

160 533 361 622 Propertius
384 533 482 598 illum
503 534 642 600 modum
666 537 833 623 posuerit
871 537 936 602 His
960 543 1051 603 certe
1074 538 1157 603 locis
1181 546 1337 626 optatum

162 640 393 725 cognoscitur:
410 641 483 706 Tib.
498 641 535 706 Π
552 649 580 724 4,
598 649 638 706 59
663 642 714 709 ‘Si
723 642 823 708 modo
839 666 892 708 me
908 643 1042 730 placido
1058 644 1176 710 videat
1184 646 1337 712 Nemesis

160 767 237 810 mea
263 746 564 812 vultu..bibam'.
592 748 655 832 12,
679 755 727 814 71.
766 749 861 833 IVl,
880 755 952 814 198.
987 751 1084 816 Nihil
1099 758 1213 817 autem
1227 752 1338 840 optati

161 851 378 940 intellegitur
411 877 461 942 ap.
495 855 593 920 Ovid.
617 855 698 920 Met.
722 855 741 919 Ι
765 861 827 922 647
858 857 943 921 ‘Nec
970 858 1097 922 retinet
1125 859 1278 924 lacrimas
1303 866 1337 924 et

160 959 191 1024 si
218 959 318 1025 modo
346 961 452 1026 verba
479 969 673 1047 sequantur,
697 962 780 1028 Oret
802 963 922 1050 opem'.
968 963 1107 1028 V1454
1132 965 1262 1030 ‘audire
1286 989 1338 1031 so·

160 1067 269 1131 lomus
285 1068 413 1134 Naidas
437 1119 467 1132 ..
491 1067 648 1133 incedere
672 1067 775 1152 silvie,
799 1069 837 1134 Si
860 1069 960 1135 modo
984 1069 1042 1134 des
1065 1070 1134 1136 illis
1158 1073 1270 1136 cultus
1293 1072 1337 1136 si-

150 1173 325 1259 milesque
348 1176 509 1263 paratus’.
556 1175 712 1240 TlistaV
736 1183 765 1259 9,
790 1183 818 1241 8.
862 1176 944 1242 Hor.
968 1176 1037 1244 Sat.
1061 1177 1079 1240 Ι
1103 1185 1132 1261 2,
1158 1187 1207 1242 74.
1249 1178 1336 1266 app.

161 1280 232 1364 11,
258 1288 308 1346 40.

255 1395 283 1452 3.
315 1387 369 1452 De
393 1388 582 1453 elocutione
607 1387 649 1452 ‘si
675 1388 804 1452 tamen'
827 1411 936 1475 pauca
958 1397 1039 1454 sunt
1062 1397 1151 1455 nota.
1184 1390 1338 1475 Draeger

160 1493 210 1577 (H
235 1497 312 1576 471)
336 1516 410 1560 eam
431 1493 474 1559 ab
498 1495 635 1581 optimis
658 1494 880 1582 scriptoribus
903 1517 973 1560 non
1001 1503 1199 1584 usurpatam
1223 1495 1337 1562 mode-

161 1600 288 1666 rendae
298 1601 447 1666 orationi
455 1601 621 1666 inservire
630 1609 724 1666 ratus
735 1601 837 1666 offert
846 1601 962 1666 eadem
972 1601 1040 1667 duo
1050 1603 1165 1668 Ovidu
1175 1603 1337 1689 exempla,

162 1729 249 1790 quae
281 1707 515 1795 lexicographi
546 1708 614 1772 iam
646 1707 884 1772 exhibuerunt.
938 1708 1104 1774 Horatius
1139 1709 1247 1794 igitur
1278 1709 1339 1773 illa

160 1812 309 1879 formula
336 1814 465 1902 primus
488 1835 568 1879 usus
592 1837 663 1880 esse
686 1815 772 1878 mihi
794 1815 940 1880 videtur.
986 1815 1036 1881 Ut
1058 1815 1142 1902 ipse,
1166 1815 1215 1880 ita
1237 1815 1337 1902 Pr0p.

162 1943 237 1984 eam
263 1920 316 1986 bis
343 1922 466 2008 posuit,
494 1943 572 1990 cum
599 1920 755 1986 Tibullus
783 1921 886 1986 semel
912 1921 1138 2008 usurpaverit.
1194 1921 1337 1988 Ovidius

162 2033 277 2091 autem
312 2029 457 2094 maxime
494 2029 644 2093 omnium
677 2028 836 2093 adhibuit
868 2029 1092 2094 elocutionem
1124 2029 1167 2093 ‘si
1197 2029 1335 2113 tamen’,

161 2133 259 2198 cuius
281 2135 408 2200 auxilio

250 2245 283 2324 a)
307 2241 486 2307 Sententia
511 2241 681 2306 contraria
706 2241 908 2328 adiungitur
923 2245 1036 2326 (wenn
1052 2241 1219 2325 dennoch,
1236 2265 1338 2307 wenn

162 2347 264 2431 aber).
319 2348 401 2414 Hor.
435 2349 543 2414 Oarm.
572 2349 590 2412 Ι
619 2356 647 2431 3,
676 2355 717 2412 23
747 2348 976 2433 ‘Nequiquam
1009 2347 1092 2412 deus
1121 2348 1265 2415 abscidit
1293 2400 1300 2412 .
1330 2401 1336 2412 .

162 2455 295 2520 Oceano
320 2507 350 2519 ..
374 2455 494 2520 Terras
518 2455 547 2519 si
570 2463 687 2520 tamen
711 2506 740 2518 ..
765 2462 854 2520 rates
878 2455 1078 2520 transiliunt
1099 2455 1204 2521 vada’.
1251 2456 1336 2543 app.

161 2561 199 2626 H
223 2571 252 2646 2,
277 2572 331 2628 24:
356 2562 462 2640 ‘Quid
485 2569 559 2627 tum
582 2560 713 2648 profeci
816 2561 854 2627 Si
876 2569 992 2626 tamen
1015 2563 1197 2628 attentasP’
1221 2563 1294 2628 Tib.
1311 2564 1336 2628 I.

152 2676 191 2752 Ι6,
217 2675 258 2734 56
306 2669 366 2734 ‘Et
388 2668 456 2734 tibi
478 2669 591 2734 nescio
616 2691 698 2753 quar
723 2667 819 2752 dixit,
843 2691 920 2733 mea
940 2668 1048 2753 Delia,
1072 2693 1211 2757 poenas:

275 2775 313 2841 Si
335 2783 453 2841 tamen
475 2776 636 2844 admittas
659 2775 705 2842 sit
729 2797 850 2863 precor
872 2775 931 2840 illa
953 2775 1061 2842 levis’.

252 2883 313 2949 Ov.
337 2883 391 2946 Tr.
415 2883 448 2948 V
473 2891 521 2966 13,
548 2890 564 2946 7
591 2880 718 2969 ‘Aeger
734 2881 824 2946 enim
839 2881 930 2946 traxi
946 2884 1106 2970 contagia
1121 2935 1127 2948 .
1145 2935 1151 2947 .
1169 2883 1206 2948 Si
1221 2889 1338 2948 tamen

161 2990 235 3078 ipse
258 2991 360 3073 vales,
384 2991 499 3076 aliqua
514 3011 576 3054 nos
592 2996 689 3077 parte
705 2989 878 3054 valemus'.
916 2989 979 3070 It,
999 2995 1047 3054 17.
1086 2989 1177 3054 Fast.
1194 2990 1247 3054 ΙΠ
1264 2995 1337 3054 257.

161 3095 419 3162 Metithl.
464 3096 767 3180 Am.11114‚42.
813 3095 924 3178 Π16,
948 3101 999 3158 47.
1045 3095 1337 3160 Art.am.I715.

162 3203 259 3269 Rem.
285 3209 356 3270 107.

252 3310 288 3394 b)
311 3310 425 3376 Minor
433 3317 548 3374 autem
557 3309 743 3396 particulae
760 3310 899 3375 ‘tamen'
915 3315 1065 3397 potestas
1081 3315 1141 3392 est,
1151 3309 1180 3373 si
1191 3308 1337 3374 elocutio

155 3418 206 3482 .‘si
227 3417 354 3482 tamen'
384 3416 531 3481 orationi
557 3416 702 3484 inservit
729 3416 954 3482 moderandae
982 3420 1095 3501 (wenn
1118 3415 1214 3499 doch,
1238 3437 1339 3480 wenn

165 3523 309 3606 anders),
333 3531 373 3588 ut
396 3523 536 3588 voculae
564 3523 703 3588 ‘tamen'
728 3523 780 3588 vis
803 3523 841 3586 in
864 3522 1139 3588 coniunctionem
1162 3522 1216 3586 ‘si’
1241 3521 1339 3606 quasi

162 3629 317 3695 recidens
333 3628 470 3714 efficiat,
490 3636 530 3694 ut
546 3629 717 3694 enuntiati
732 3637 971 3715 argumentum
986 3636 1046 3694 aut
1062 3628 1106 3693 ad
1120 3627 1339 3713 negationem

160 3737 282 3802 autad
297 3733 559 3802 affirmationem
581 3736 733 3820 inclinet,
756 3743 817 3801 aut
832 3743 990 3801 neutram
1005 3735 1049 3800 ad
1069 3741 1201 3822 partem
1216 3734 1337 3798 valeat.

163 3843 384 3930 Ambiguitas
407 3844 517 3930 igitur
541 3843 631 3908 inest
654 3843 707 3908 his
731 3843 821 3908 locis.
869 3843 929 3908 Ov.
953 3842 1053 3906 Trist.
1077 3841 1095 3904 Ι
1119 3851 1146 3924 2,
1172 3847 1212 3904 97

275 3950 327 4016 ‘si
348 3955 464 4015 tamen
487 3957 564 4016 acta
586 3949 666 4015 deos
689 3971 867 4034 nunquam
886 3947 1044 4014 mortalia
1065 3945 1199 4030 fallunt,

274 4055 308 4120 A
330 4058 430 4145 culpa
451 4056 584 4122 facinus
607 4056 702 4121 scitis
725 4055 841 4120 abesse
863 4055 959 4120 mea’.
1009 4053 1085 4118 Am.
1109 4053 1163 4118 ΠΙ
1188 4061 1215 4136 9,
1242 4060 1282 4119 59

275 4164 326 4229 ‘Si
348 4171 463 4228 tamen
486 4188 504 4230 e
526 4163 625 4229 nobis
649 4161 780 4248 aliquid
802 4162 869 4228 nisi
891 4183 1015 4226 nomen
1039 4167 1073 4226 et
1096 4159 1219 4225 umbra

275 4271 405 4355 Restat,
428 4272 466 4336 in
488 4271 608 4358 Elysia
630 4270 719 4335 valle
743 4269 898 4334 Tibullus
922 4268 1009 4333 erit'.
