3008 4928
522 864 596 964 De
629 865 891 964 adverbiis,
938 1003 941 1010 Ι

210 1068 237 1128 1.
276 1061 491 1128 Adverbium
515 1063 620 1128 ‘ante’
643 1071 745 1150 poeta
769 1063 928 1128 adhibuit
956 1064 999 1130 ad
1027 1065 1291 1152 significandum

119 1169 230 1234 locum
252 1193 300 1235 vs.
316 1169 370 1234 III
388 1176 437 1252 16,
456 1177 496 1234 16
521 1174 692 1235 ‘accensas
715 1171 866 1258 percutit
888 1178 967 1236 ante
990 1169 1103 1237 faces’.
1143 1172 1290 1242 61161.

18 1345 19 1352 ¹
118 1275 192 1341 Art.
216 1297 278 1341 am.
302 1276 320 1340 Ι
345 1284 408 1341 544
438 1275 519 1341 ‘Vix
542 1276 650 1361 sedet,
674 1284 708 1341 et
730 1299 862 1364 pressas
885 1277 1042 1344 continet
1065 1288 1147 1346 61166
1169 1281 1266 1348 iubas
1274 1283 1290 1347 ’.

118 1382 198 1450 Met
214 1383 301 1449 VIII
326 1383 389 1449 213
414 1384 612 1471 ‘pennisque
635 1384 768 1450 levatus
791 1384 884 1450 Ante
907 1386 1023 1452 volat'.
1062 1387 1142 1453 Alia
1162 1388 1291 1456 Tibulli

18 1489 19 1578 l
119 1497 152 1554 et
174 1489 277 1576 Verg.
302 1490 482 1556 adnotavit
504 1490 617 1555 Hand.
641 1491 659 1555 I
684 1497 756 1556 366.

18 1651 19 1694 ,
207 1604 235 1661 2.
275 1597 558 1662 Consecutionem
582 1597 704 1684 ‘primo
721 1635 763 1646 —-
780 1597 904 1663 dehinc
928 1603 1018 1687 (post
1040 1600 1150 1688 haec)'
1174 1610 1291 1668 noster

18 1705 19 1788 l
117 1703 257 1790 praebet
279 1703 315 1768 H
339 1711 367 1787 3,
393 1711 443 1787 49,
467 1704 522 1768 cui
546 1704 730 1769 elocutioni
746 1704 882 1770 Sallust.
906 1712 942 1770 et
956 1706 1059 1793 Verg.
1077 1707 1137 1772 Ge.
1153 1707 1208 1773 III
1226 1717 1288 1776 166

118 1811 277 1898 ‘primum
306 1849 347 1858 —
381 1809 518 1876 dehinc⁷
551 1811 796 1898 praetulerunt.
847 1813 1086 1878 Pleonasmum
1117 1816 1297 1904 Propertii

119 1939 273 2005 comparo
302 1940 378 1982 cum
406 1917 573 1982 similibus
596 1916 752 1984 formulis
775 1922 866 2006 ‘post
891 1919 984 1984 hinc'
1014 1925 1077 2008 (ap.
1102 1921 1204 2008 Verg.
1228 1922 1288 1988 Ge.

118 2023 170 2088 III
187 2031 259 2090 300.
290 2023 374 2090 Aen.
391 2025 478 2091 VHI
495 2029 572 2108 546)
596 2034 699 2110 atque
723 2030 814 2091 ‘mox
830 2026 966 2091 deinde’
989 2029 1052 2114 (ap.
1070 2028 1219 2114 111115,
1238 2038 1288 2096 73.

119 2132 176 2197 Ov.
200 2131 280 2196 Met.
304 2131 359 2196 IX
385 2139 457 2197 143.
495 2132 569 2198 Iuv.
593 2132 648 2197 HI
672 2135 759 2219 280).

204 2239 319 2305 Verba
342 2238 481 2304 ‘deinde
504 2238 577 2304 ubi’
603 2239 787 2304 coniuncta
809 2239 1002 2306 offeruntur
1025 2263 1072 2307 vs.
1096 2242 1132 2305 H
1157 2249 1207 2327 13,
1232 2249 1288 2327 313

121 2353 167 2430 16,
191 2353 224 2428 9;
250 2353 301 2429 23,
328 2353 354 2410 7.
400 2345 453 2410 De
477 2345 627 2411 dictione
651 2350 743 2410 ‘mox
765 2345 838 2410 ubi’
862 2347 918 2412 vd.
942 2369 973 2434 p.
991 2355 1041 2414 31.

206 2461 233 2518 3.
273 2453 408 2539 ‘Magis’
432 2451 633 2518 adverbium
657 2461 779 2540 poetae
807 2475 884 2517 cum
907 2451 1058 2520 ablativo
1082 2455 1289 2522 substantivi

118 2559 302 2648 comparati
328 2559 504 2626 interdum
532 2553 796 2647 composuerunt
827 2583 939 2645 neque
968 2581 1181 2628 commoveor
1212 2586 1288 2628 sen-

18 2715 19 2750 3
117 2667 224 2732 tentia
246 2667 392 2731 Feltinii
416 2667 492 2750 (1.6.
516 2689 547 2754 p.
566 2668 630 2754 25),
655 2667 715 2752 qui
737 2690 789 2754 ap.
807 2668 867 2731 Pr.
891 2667 909 2730 I
935 2674 962 2751 1,
987 2675 1028 2732 22

226 2773 286 2838 ‘Et
308 2771 412 2838 facite
434 2773 494 2838 illa
515 2795 590 2838 meo
613 2774 741 2860 palleat
764 2795 821 2838 ore
844 2773 974 2860 magis’.

18 2899 19 2946 ξ
117 2879 303 2945 ablativum
319 2880 486 2944 causalem
501 2903 571 2946 esse
588 2880 824 2967 accipiendum
834 2879 973 2946 censuit.
1000 2881 1152 2947 011066.
1165 2889 1287 2968 64,100

18 2983 19 3038 3
117 2986 235 3072 ‘magis
257 2984 394 3072 fulgore
418 2986 582 3073 expalluit
605 2987 701 3051 aurI’.
748 2985 808 3052 Ov.
832 2987 887 3051 Ex
910 2989 946 3051 P.
969 2987 1020 3053 IV
1045 2993 1095 3073 14,
1121 2997 1171 3054 35.
1336 3073 1338 3079 k

202 3093 308 3158 Paulo
332 3093 534 3178 exquisitius
558 3101 622 3176 666,
656 3093 748 3177 quod
771 3094 870 3180 Prop.
894 3094 1031 3181 scripsit
1054 3117 1102 3160 vs.
1126 3096 1162 3160 H
1187 3103 1220 3180 3,
1245 3104 1285 3162 53
1409 3109 1412 3116 ’

225 3199 347 3276 ‘Quem
369 3221 442 3264 nen
464 3199 567 3283 luera⁷
590 3199 698 3286 magis
722 3201 809 3265 Pero
831 3198 980 3265 formosa
1002 3201 1137 3288 coegit’.

18 3301 20 3424 l
115 3304 183 3371 Ofr.
208 3307 279 3371 Cat.
305 3312 355 3389 63,
381 3313 421 3371 36
446 3305 501 3370 ‘Id
524 3357 530 3370 .
555 3357 561 3369 .
585 3328 656 3371 non
680 3314 731 3371 666
754 3314 864 3394 turpe,
887 3305 996 3392 magis
1018 3308 1232 3374 miserumst’.

204 3423 232 3477 4.
270 3412 488 3500 Propertium
521 3413 694 3478 enuntiati
725 3411 872 3478 formula
900 3413 1012 3479 ‘modo
1041 3454 1084 3464 —-
1113 3415 1160 3480 et'
1188 3437 1287 3482 usum

115 3519 340 3585 elocutionem
367 3541 524 3606 graecam
550 3519 632 3584 ποτὲ
659 3519 717 3601 μὲν
739 3521 860 3586 -καὶ
886 3520 1059 3585 imitatum
1087 3522 1287 3586 6666111661-

18 3603 20 3688 l
114 3625 266 3713 pretibus
299 3626 380 3690 66616
404 3626 516 3691 visum
550 3634 601 3692 666
632 3624 802 3691 affirmare
832 3649 944 3712 neque
972 3627 1151 3712 quisquam
1177 3628 1287 3693 nostri

18 3731 19 3756 ¹
114 3731 308 3798 testimonio
331 3741 391 3798 aut
414 3733 499 3798 alius
523 3740 643 3820 poetae
665 3731 764 3798 fulsit
786 3733 898 3798 locum
920 3733 938 3796 I
963 3738 991 3816 1,
1016 3739 1055 3799 11

224 3839 325 3904 ‘Nam
347 3839 447 3905 modo
471 3840 665 3904 Partheniis
689 3861 804 3904 amens
827 3840 963 3904 errabat
985 3839 1022 3904 in
1046 3841 1162 3925 antris,

224 3945 302 4010 Ibat
326 3953 361 4010 et
383 3947 532 4012 hirsutas
554 3947 614 4011 ille
637 3946 754 4012 videre
777 3944 888 4011 feras’.

114 4053 181 4118 Sed
204 4052 322 4118 eadem
344 4053 477 4119 ratione
501 4052 600 4118 dixit
613 4054 712 4140 Prop.
736 4073 784 4118 vs.
808 4053 918 4136 1124,
945 4060 983 4118 11

224 4160 284 4225 ‘Et
306 4159 407 4225 modo
430 4161 573 4247 pavonis
598 4160 724 4225 caudae
746 4159 881 4225 flabella
903 4159 1068 4248 superbae

223 4267 271 4330 Ilt
293 4266 451 4332 manibus
475 4267 561 4332 dura
583 4265 693 4352 frigus
716 4266 841 4331 hebere
864 4267 935 4354 pila
1033 4365 1072 4418 4*
