3008 4928
597 301 818 368 ...49-

119 476 226 554 atque
260 469 343 536 Hor.
372 469 443 536 Sat.
470 471 502 536 H
533 478 564 556 1,
590 479 630 538 35
671 476 757 538 ‘arat
795 471 899 538 linem
934 471 997 538 sub
1025 459 1210 558 utrumque
1240 493 1294 538 co·

118 575 239 642 lonns’.
295 608 296 612 ¹

209 690 238 748 4.
269 684 525 772 Praepositioue
538 683 627 751 ‘sub'
644 707 722 751 cum
744 683 895 752 ablativo
912 685 1096 751 coniuncta
1109 685 1222 752 locum
1237 686 1292 752 in-

98 779 100 784 ’
117 787 286 874 seriorem,
310 792 371 876 qui
385 799 479 857 totus
501 793 575 858 sive
591 815 633 858 ex
655 793 769 878 aliqua
784 799 881 880 parte
897 791 1125 858 circumdatus
1148 799 1201 858 est
1215 792 1294 860 altis

24 887 25 890 ¹
118 895 229 981 rebus,
252 898 452 985 significari,
477 899 569 965 inter
591 922 707 965 omnes
730 898 803 965 fere
827 907 962 966 constat
985 923 1097 985 neque
1120 899 1293 986 intellegi·

24 1047 25 1068 r
118 1009 189 1086 tur,
222 1005 307 1090 quid
338 1003 405 1070 sibi
436 1005 522 1072 velit
551 1006 756 1093 Kiesslingii
788 1006 973 1090 sententia,
1005 1005 1189 1072 Horatium
1216 1005 1293 1072 ‘sub

118 1111 232 1176 autro’
257 1113 370 1201 (Prop.
392 1113 429 1178 Π
453 1121 503 1196 32,
528 1121 580 1182 39.
612 1113 932 1198 ι8111111115,
958 1123 1008 1180 55.
1045 1112 1131 1179 ‘Sub
1147 1115 1292 1201 pectore'

24 1217 25 1222 ’
118 1217 135 1280 Ι
162 1223 210 1301 15,
236 1223 290 1302 31)
323 1219 528 1285 scribentem
555 1227 686 1286 tectum
713 1220 806 1285 antri
833 1215 1027 1307 respexisse.
1073 1221 1160 1286 Nam
1187 1219 1217 1285 si
1239 1243 1292 1286 res

118 1323 168 1387 ita
191 1347 227 1389 se
242 1324 391 1409 haberet,
415 1349 482 1412 quo
502 1327 602 1392 modo
619 1326 695 1391 ‘sub
711 1327 814 1392 valle’
840 1325 925 1410 (rib.
939 1325 976 1391 H
993 1333 1021 1410 3,
1040 1333 1089 1391 19.
1122 1327 1182 1392 Ov.
1198 1327 1292 1392 Fast.

118 1429 169 1495 IV
193 1437 267 1496 427.
312 1431 393 1499 Met.
417 1433 473 1498 XI
497 1437 575 1518 277)
607 1434 757 1520 aliasque
786 1455 869 1519 quas
893 1455 972 1499 mox
995 1433 1146 1517 afferam,
1180 1434 1293 1500 elocu-

117 1537 228 1603 tiones
252 1539 420 1626 explicare
444 1541 637 1628 possemus?

205 1644 435 1733 Madvigius1)
459 1653 585 1731 autem,
610 1647 764 1732 quamvis
789 1645 949 1712 dictionis
974 1646 1049 1711 ‘sub
1070 1646 1174 1712 valle'
1198 1669 1292 1712 men-

24 1799 25 1840 ,
117 1750 247 1816 tionem
262 1751 391 1837 fecerit,
414 1761 530 1820 tamen
549 1754 706 1819 voculam
723 1753 811 1818 ‘sub'
828 1753 1045 1840 impugnavit
1068 1772 1116 1818 vs.
1132 1753 1187 1818 ΙΠ
1203 1761 1231 1838 9,
1250 1761 1291 1819 36

24 1841 25 1852 ¹
229 1860 322 1926 ‘Non
345 1883 409 1947 ego
432 1859 576 1926 velifera
598 1861 770 1926 tumidum
792 1882 884 1925 mare
907 1859 1000 1926 findo
1025 1860 1153 1926 carina:

280 1966 369 2032 Tuta
392 1967 455 2032 sub
479 1968 603 2054 exiguo
625 1967 764 2032 flumine
788 1973 906 2032 nostra
928 1953 1078 2034 morast’.

24 2111 25 2128 1
204 2071 315 2158 Atqui
330 2073 529 2162 Propertius
553 2073 603 2138 ‘in
626 2073 806 2138 aumdine’
830 2073 852 2139 i.
869 2095 895 2138 e.
918 2080 1028 2138 unten
1050 2072 1098 2137 im
1122 2073 1289 2140 Rubrioht

24 2189 25 2276 }
118 2179 253 2267 scripsit
275 2181 311 2244 Π
336 2187 386 2264 27,
412 2189 452 2247 13

228 2287 312 2352 ‘Iam
335 2288 416 2353 licet
440 2296 475 2354 et
498 2288 622 2376 Stygia
644 2288 761 2354 sedeat
784 2287 847 2352 sub
870 2287 1037 2353 arundine
1060 2288 1213 2354 remen’.¹

118 2393 185 2459 Ofr.
210 2395 270 2460 Ov.
294 2395 375 2460 Met.
399 2395 486 2461 VIII
511 2403 573 2461 337
602 2400 717 2488 “tenet
748 2395 817 2460 ima
848 2390 989 2460 lacirnae
1016 2446 1022 2458 .
1047 2445 1085 2461 ..
1120 2403 1156 2460 et
1186 2395 1290 2481 longa

24 2513 25 2580 Ῑ
118 2524 242 2588 parvae
265 2501 328 2566 sub
352 2503 518 2568 arundine
543 2503 693 2568 cannae’.

24 2683 25 2690 ¹
204 2608 298 2694 Ergo
314 2622 529 2694 nequaquam
544 2609 649 2675 miror
663 2616 799 2696 poetam
814 2609 891 2674 ‘sub
914 2607 1067 2674 flumine’
1092 2608 1112 2672 i.
1129 2631 1156 2673 e.
1179 2615 1290 2672 unten

24 2763 25 2800 ,
117 2715 163 2779 im
185 2715 285 2780 Fluss
314 2715 499 2782 elocutioni
528 2717 577 2781 ‘in
605 2716 757 2781 flumine’
782 2716 859 2781 ideo
886 2715 1099 2802 praetulisse,
1131 2723 1171 2780 ut
1203 2716 1288 2780 altas

118 2822 322 2888 describeret
344 2823 444 2911 ripas,
468 2847 555 2909 quae
578 2825 757 2910 navigium
780 2847 799 2888 a
819 2822 1016 2910 periculosis
1032 2823 1146 2888 ventis
1171 2821 1289 2887 defen—

24 2965 25 3006 1
119 2929 246 2996 darent.
293 2929 361 2994 Ofr.
386 2932 484 3018 Prop.
508 2931 596 3014 114,
624 2937 663 2996 19

226 3037 437 3122 ‘Tranquillo
460 3045 537 3103 tuta
561 3037 737 3103 descendis
760 3037 901 3102 flumine
925 3035 1068 3123 eymba'.

204 3143 299 3221 Quae
331 3144 361 3208 si
388 3144 454 3209 tibi
482 3145 659 3228 videntur,
691 3167 802 3229 neque
824 3143 1039 3208 Lachmanni
1067 3141 1173 3207 verba
1198 3144 1289 3206 ‘cum

118 3272 193 3336 pars
216 3251 350 3336 navigii
372 3251 434 3316 sub
458 3273 546 3336 aqua
568 3252 627 3316 sit’
651 3273 763 3336 neque
792 3251 934 3316 aliorum
963 3249 1175 3316 coniecturas
1203 3247 1290 3332 (‘fia-

117 3357 219 3422 mine'
243 3357 356 3424 Madv.
396 3358 495 3423 ‘Tota
518 3358 590 3423 sed’
614 3359 749 3440 Baehr.)
773 3359 891 3444 magni
915 3355 1117 3422 aestimabis.

202 3463 333 3530 Eadem
348 3466 554 3552 praepositio
571 3465 765 3552 germanice
782 3463 1000 3552 exprimenda
1025 3470 1075 3528 est
1092 3444 1216 3526 ‘uriten
1231 3460 1288 3524 an’

117 3568 152 3634 in
173 3570 227 3634 his
250 3572 412 3659 exemplis
436 3573 534 3656 1112,
553 3581 570 3636 5
589 3571 816 3636 ‘subAetna.
834 3623 840 3635 .
864 3570 960 3636 flexit
985 3569 1111 3654 equos’.
1142 3569 1227 3651 120,
1246 3574 1288 3632 33

118 3675 190 3742 ‘sub
214 3678 343 3743 vertice
366 3679 493 3744 montis
518 3730 547 3743 ..
573 3679 712 3744 domus'.
759 3679 819 3744 Ov.
843 3677 943 3742 Trist.
967 3677 985 3740 I
1009 3683 1036 3758 3,
1064 3679 1103 3740 19

225 3785 327 3850 ‘Nata
350 3787 470 3873 procul
491 3786 632 3873 Libycis
656 3785 773 3850 aberat
798 3837 827 3849 ..
852 3784 914 3849 sub
939 3783 1028 3849 oris’.

201 3890 277 3956 Am.
302 3893 412 3976 1115,
437 3901 478 3958 43
513 3893 667 3959 ‘adverso
699 3893 849 3958 maculae
881 3890 943 3956 sub
976 3897 1113 3978 pectore
1145 3886 1288 3973 nigrae’.

89 4077 92 4086 Ι
118 3996 201 4062 (Ofr.
241 3998 391 4064 eiusdem
430 4001 557 4086 elegiae
599 4023 646 4064 vs.
678 4006 719 4064 26
759 3999 872 4085 ‘niger
909 3997 947 4060 in
984 4018 1107 4060 vaccae
1149 4001 1288 4081 pectore

118 4104 203 4170 livor
227 4106 334 4187 erat'.)

203 4338 224 4407 1)
243 4336 368 4407 Madvig,
389 4337 502 4390 Advers.
523 4335 582 4390 crit.
602 4336 627 4389 II
645 4355 671 4406 p.
686 4337 727 4390 65.
