3008 4928
617 241 870 328 ¹--14-

289 413 438 479 Transeo
462 413 505 480 ad
527 437 576 480 vs.
599 413 643 498 Π,
668 422 697 498 2,
722 421 741 478 6
765 412 904 486 ‘incedit
926 413 983 478 vel
1004 413 1093 478 Jove
1117 411 1232 500 digna¹
1245 432 1355 496 soror,

286 518 359 585 Aut
384 543 461 585 cum
482 520 687 607 Munychias
709 521 822 585 Pallas
846 520 1013 608 spatiatur
1036 519 1079 584 ad
1103 519 1194 585 aras'.

263 626 325 691 ubi
346 625 570 692 Lachmanno
599 634 634 692 et
655 626 884 713 Hertzbergio
909 649 1056 692 sororem
1078 625 1353 712 intellegendam

176 757 246 799 esse
262 733 449 820 Cynthium
471 741 574 820 atque
589 735 731 800 11111111
755 735 826 800 ‘vel’
850 733 1055 800 intensivam
1077 733 1150 800 vim
1171 733 1353 820 imponen-

172 841 254 906 dam
280 841 365 906 ratis
392 841 520 906 idcirco
548 841 727 926 assentior,
755 841 848 926 quod
875 848 990 908 noster
1016 847 1118 928 poeta
1144 839 1352 928 particulam

175 949 246 1015 ‘vel'
270 971 332 1036 pro
355 947 522 1014 vocabulo
550 948 651 1014 ‘adeo’
676 955 849 1036 acceptam
873 971 950 1012 cum
977 947 1114 1012 nomine
1141 946 1240 1013 Jovis
1269 967 1353 1010 con-

174 1055 318 1142 iungere
341 1055 435 1121 solet.
480 1054 702 1142 Hertzbergii
725 1062 841 1122 autem
864 1055 1031 1143 opinioni,
1059 1055 1172 1120 omnia
1196 1075 1266 1118 esse
1290 1073 1349 1117 ex-

174 1161 305 1250 pedita,
328 1161 358 1226 si
381 1161 439 1228 ‘Ut
462 1162 547 1226 cum'
570 1184 633 1249 pro
657 1161 738 1227 ‘Aut
761 1162 846 1228 cum'
874 1162 1059 1248 legeretur,
1086 1162 1171 1244 11110
1195 1159 1352 1246 exempla

175 1291 317 1357 oppono.
350 1268 411 1336 Ov.
427 1289 489 1332 am.
505 1268 550 1332 H.
568 1275 596 1352 5,
614 1275 654 1334 37
672 1268 787 1346 ‘Quale
802 1269 898 1334 'rosae
913 1267 1051 1354 fulgent
1066 1319 1092 1336 ..
1107 1266 1181 1332 Aut
1193 1265 1255 1332 ubi
1270 1287 1348 1330 can-

174 1376 256 1440 tatis
271 1376 352 1440 luna
367 1374 500 1440 laborat
517 1375 620 1460 equis,
635 1374 710 1442 Aut
725 1376 834 1460 quod.
845 1375 1014 1444 ,Maeonis
1024 1374 1206 1462 Assyrium
1219 1372 1351 1438 femina

174 1483 282 1548 tinxit
292 1482 393 1548 ebur’.
418 1482 500 1547 Met.
510 1482 579 1548 VH
590 1489 662 1550 107.
687 1483 782 1570 Ergo
792 1490 973 1567 structura,
990 1482 1031 1548 (11
1042 1505 1109 1568 qua
1124 1482 1247 1568 agitur,
1263 1481 1348 1546 haec

176 1595 227 1654 cst
250 1589 389 1654 ‘incedit
406 1640 436 1656 ..
457 1610 553 1654 soror
576 1589 653 1674 (1.1,
677 1590 830 1673 11111111)
851 1590 1038 1656 1111Ρ11111
1062 1612 1140 1654 cum
1163 1587 1349 1676 spatiatur’.

265 1703 293 1760 5.
325 1693 431 1782 Apud
457 1696 556 1782 Prop.
580 1696 616 1760 II
641 1703 691 1780 32,
716 1705 735 1762 6
760 1696 867 1762 codex
889 1697 994 1784 Neap.
1016 1696 1125 1761 tradit

286 1801 410 1868 ‘Curva
432 1808 467 1866 11
482 1802 693 1867 Herculeum
708 1803 892 1891 deportant
915 1803 1031 1868 esseda
1046 1802 1181 1868 Tibur’?
1225 1799 1349 1865 Lectio

175 1915 290 1974 autem
313 1907 439 1974 codicis
463 1908 568 1974 Gron.
614 1909 832 1976 ι(1111111111
846 1911 955 1975 Herc’
980 1909 1195 1975 commendat
1218 1929 1350 1973 correc-

175 2015 305 2080 tionem
321 2014 443 2082 ‘Curvo
458 2022 494 2080 te
509 2015 547 2080 in
562 2016 671 2080 Herc!
704 2017 886 2083 Praeterea
907 2016 995 2081 hanc
1018 2017 1223 2104 scripturam
1241 2012 1349 2078 fulcio

175 2122 347 2188 simillimo
369 2121 537 2188 Martialis
559 2123 634 2188 loco
657 2123 708 2188 IV
733 2131 782 2208 62,
808 2129 824 2188 1

287 2227 402 2292 ‘Tibur
424 2227 463 2292 in
485 2228 695 2296 Herculeum
716 2229 881 2316 migravit
903 2230 1003 2316 nigra
1025 2229 1187 2316 Lycoris'.

263 2335 386 2419 Itaque
413 2334 559 2400 Mueller
591 2335 719 2401 iniuria
751 2336 924 2424 scripsisse
951 2336 1090 2403 videtur
1118 2337 1197 2401 ‘Cur
1225 2341 1286 2400 aut
1312 2339 1350 2398 te

175 2441 294 2526 Here',
317 2441 518 2528 praesertim
534 2463 611 2506 cum
625 2443 763 2508 litterae
779 2444 814 2508 ‘e’
831 2444 1084 2532 synaloepham,
1107 2443 1145 2510 in
1161 2465 1227 2528 qua
1243 2439 1351 2507 offen-

176 2548 281 2631 derat,
309 2547 461 2614 inveniri
488 2547 579 2635 apud
602 2549 701 2636 Prop.
724 2549 776 2616 IV
801 2547 828 2634 1,
859 2557 899 2614 36
928 2550 1001 2638 ipse
1027 2557 1183 2616 testetur.
1228 2549 1349 2632 Neque

174 2655 288 2722 minus
317 2653 491 2720 reicienda
519 2678 589 2720 esse
617 2678 747 2740 censeo,
781 2679 867 2741 quae
898 2657 935 2722 in
962 2657 1165 2723 Baehrentis
1199 2657 1351 2722 editione

175 2762 339 2848 leguntur
362 2760 441 2825 ‘Cur
463 2768 579 2828 tuate
601 2763 711 2827 Herc!

266 2875 294 2934 6.
324 2867 377 2932 De
406 2867 495 2933 ‘sive'
522 2869 691 2956 particula
713 2871 868 2957 Draeger
894 2871 996 2957 paulo
1025 2870 1215 2936 accuratius
1245 2869 1350 2934 disse·

175 2975 254 3042 ruit.
287 2975 415 3040 Tamen
430 2983 470 3040 ut
485 2998 558 3041 rem
572 2976 698 3042 iterum
712 2984 865 3062 tractem,
881 2978 986 3043 variis
1002 2999 1214 3044 commoveor
1231 2976 1351 3042 causis.

265 3086 296 3166 a)
319 3081 461 3148 Praeter
488 3083 569 3168 ,sive
593 3123 636 3132 -
660 3084 739 3150 sive'
769 3089 912 3173 (septem
938 3085 1034 3168 locis)
1064 3092 1098 3150 et
1122 3089 1190 3150 ‘seu
1213 3125 1256 3134 -
1281 3083 1349 3149 seu'

177 3189 300 3277 (tribus
316 3189 413 3276 locis)
429 3190 629 3278 Propertius
647 3193 919 3258 consecutionem
935 3193 1016 3260 ‘sive
1032 3232 1072 3244 —-
1088 3192 1155 3258 seu'
1176 3191 1350 3258 adhibuit:

170 3297 195 3362 ,Ι
218 3304 251 3382 1,
276 3304 331 3380 14,
357 3302 407 3380 14,
438 3303 466 3362 9.
511 3297 546 3361 Π
574 3305 624 3381 22,
650 3305 679 3366 5.
723 3298 777 3362 ΠΙ
807 3305 866 3382 11,
893 3307 946 3380 11;
977 3305 1027 3384 21,
1058 3307 1108 3366 ao.
1154 3299 1205 3364 IV
1234 3307 1266 3383 3,
1297 3305 1350 3365 59.

177 3404 246 3470 Sed
270 3425 317 3486 eo,
342 3402 435 3487 quod
449 3425 548 3468 usum
565 3405 633 3468 ‘seu
649 3443 691 3452 -
708 3405 788 3470 sive'
804 3412 942 3470 tantum
956 3405 1009 3470 bis
1026 3428 1169 3490 eumque
1188 3428 1233 3470 ne
1249 3403 1352 3469 aliter

178 3509 325 3596 quidem,
349 3531 451 3594 quam
466 3515 543 3596 post
558 3511 821 3598 praecedentem
836 3513 994 3578 voculam
1009 3513 1085 3577 ‘seu'
1102 3513 1151 3596 (Π
1169 3518 1196 3595 1,
1214 3518 1268 3594 15;
1294 3513 1350 3592 53)

177 3622 312 3682 secutus
336 3623 395 3700 est,
419 3615 462 3680 ab
485 3615 560 3680 aliis
584 3617 711 3703 elegiae
734 3619 843 3706 poetis
867 3619 1041 3704 aliquanto
1066 3618 1188 3683 differt.

266 3722 302 3809 b)
327 3723 532 3788 Coniunctio
549 3724 638 3789 ‘sive’
659 3725 928 3791 condicionalem
950 3725 1155 3792 sententiam
1171 3725 1350 3791 continuat

177 3829 214 3894 H
230 3836 281 3914 22,
307 3835 325 3892 8
343 3835 377 3894 et
392 3830 441 3895 IV
466 3837 494 3910 5,
519 3836 569 3895 21.
602 3832 708 3898 Paulo
725 3831 899 3897 difficilior
921 3833 1099 3898 intellectu
1115 3839 1167 3898 est
1182 3833 1352 3919 particula

178 3937 264 4020 ‘seu',
288 3959 365 4000 cum
388 3937 469 4022 quia
490 3937 627 4023 longius
644 3930 739 4004 abest
755 3963 775 4006 a
789 3941 912 4006 vocula
935 3940 980 4004 ‘si’
996 3947 1071 4004 tum
1088 3939 1179 4025 quod
1194 3946 1297 4028 poeta
1311 3940 1350 4004 in

178 4043 356 4110 enuntiato
380 4067 400 4109 1
415 4066 499 4109 voce
515 4045 590 4110 ‘seu'
608 4053 727 4134 coepto
743 4047 786 4112 ad
810 4047 910 4112 aliam
925 4047 1091 4135 poematis
1107 4053 1239 4134 partem
1258 4052 1352 4111 tran-

178 4151 245 4219 siit.
290 4151 420 4216 Tamen
443 4173 683 4237 cognoscemus
706 4154 960 4241 responsionem
982 4153 1163 4238 utriusque
1187 4153 1351 4219 coniunc-

178 4257 294 4342 tionis,
322 4259 351 4322 si
377 4281 450 4324 rem
477 4261 668 4326 accuratius
701 4261 1034 4328 consideraverimus.
1084 4261 1240 4346 Namque
1268 4261 1352 4326 Pro-
