3008 4928
618 933 831 1030 Vita.

671 1151 777 1160 ...ὴ-

228 1360 444 1447 Arnsbergae
467 1367 568 1426 natus
591 1383 665 1426 sum
688 1359 833 1426 Adolfiis
857 1359 1019 1447 Spandsu
1041 1383 1068 1427 a.
1085 1360 1115 1424 d.
1132 1360 1220 1427 XIV
1239 1361 1307 1426 Gal.

138 1467 209 1532 Jul.
229 1467 311 1532 anni
333 1465 402 1532 LX
416 1467 448 1531 h.
465 1490 497 1551 s,
520 1472 619 1556 pstre
634 1467 792 1551 Henrioo,
815 1475 924 1532 mstre
938 1461 1055 1550 Luisa,
1076 1489 1177 1552 quam
1193 1490 1308 1555 super-

139 1575 254 1639 stitem
278 1597 348 1639 esse
370 1573 515 1638 maxime
538 1573 679 1659 gaudeo.
715 1574 816 1638 Fidei
838 1573 995 1640 addictus
1015 1596 1089 1638 sum
1114 1574 1309 1641 catholicae.

139 1680 350 1745 Maturitstis
378 1679 612 1745 testimonium
643 1680 682 1744 in
712 1680 844 1768 patriae
871 1681 1063 1767 gymnasie,
1097 1681 1189 1766 quod
1215 1677 1309 1745 nune

139 1788 242 1852 etism
265 1786 364 1853 floret
388 1786 555 1852 directore
575 1786 739 1853 Scherero
762 1787 848 1852 bene
871 1787 914 1852 de
937 1787 1142 1871 memerito,
1166 1786 1309 1874 adeptus

15 1963 17 1974 Α
138 1893 393 1978 Menasterium,
416 1900 456 1958 ut
478 1916 531 1958 mo
556 1894 671 1959 darem
694 1894 909 1982 philologieis
933 1902 968 1960 et
991 1894 1161 1960 historicis
1177 1893 1309 1977 studiis,

138 2022 191 2064 me
215 2000 354 2064 contuli.
388 2001 572 2085 Postquam
595 2001 632 2065 in
655 2001 714 2065 illa
729 2001 900 2066 academia
922 2023 1028 2066 unum
1047 2023 1175 2066 annum
1191 1999 1309 2065 audivi

140 2105 230 2170 viros
255 2106 480 2172 doctissimos:
512 2106 645 2192 Lange,
674 2107 785 2190 Stahl,
813 2107 984 2190 Lindner,
1012 2106 1147 2190 Storek,
1174 2106 1309 2194 perrexi

138 2211 333 2277 incumbere
347 2213 386 2278 in
399 2213 531 2288 litteras
545 2213 582 2277 in
596 2213 822 2279 universitate
838 2213 1062 2297 Beroh'nensi,
1085 2211 1145 2276 ubi
1159 2235 1220 2299 per
1242 2211 1309 2276 tria

139 2319 312 2384 semestris
334 2327 369 2384 et
384 2320 513 2385 scholas
529 2319 749 2405 frequentavi
763 2321 1067 2386 illustrissimorum
1082 2319 1204 2384 horum
1219 2319 1308 2385 viro-

139 2447 226 2489 rum:
261 2425 440 2509 Huebner,
472 2424 667 2510 Kirehhoff,
695 2427 842 2510 Vahlen,
874 2424 1074 2509 Mommsen,
1102 2424 1308 2508 Trcitsehke,

16 2525 17 2530 ¹
140 2531 294 2610 Scherer‚
327 2532 450 2616 Zeller,
483 2540 518 2598 et
548 2533 586 2597 in
613 2533 789 2599 Huebncri
821 2542 924 2619 atque
952 2533 1099 2599 Vahleni
1131 2531 1308 2597 societates

139 2639 328 2725 philologas
351 2647 507 2726 receptus
531 2661 613 2704 sum
646 2639 731 2704 Inde
754 2640 988 2706 universitatis
1010 2639 1199 2727 Lipsiensis
1223 2639 1308 2704 civis

139 2744 249 2810 faetus
277 2745 396 2810 audivi
421 2769 482 2832 per
509 2754 639 2833 septem
666 2747 841 2812 semestris
869 2747 930 2813 hos
960 2747 1172 2812 doctissimos
1203 2746 1308 2812 viros:

140 2852 287 2936 Curtius,
296 2852 424 2938 Lange,
438 2852 584 2940 Lipsius,
593 2852 758 2938 Ribbeck,
767 2853 1001 2940 Waehsmuth,
1015 2852 1308 2935 Maurenbreeher,

140 2959 254 3045 Voigt,
268 2957 408 3042 Wenek,
424 2958 650 3043 Hildebrand,
666 2959 825 3042 Zarneke,
841 2959 983 3043 Heinze,
997 2959 1140 3043 Wundt,
1155 2958 1307 3024 Richter.

140 3064 452 3130 Exercitationibus
479 3065 661 3153 philologis
691 3072 794 3151 atque
822 3066 1023 3150 antiquariis
1050 3075 1090 3131 ut
1117 3088 1178 3154 per
1208 3066 1308 3150 quin-

141 3194 204 3256 que
233 3171 406 3237 semestris
433 3171 643 3256 interessem,
670 3171 857 3237 liberaliter
886 3194 1081 3237 concessere
1107 3172 1245 3259 Lipsius
1273 3179 1308 3236 et

140 3277 347 3343 Ribbeekius
371 3285 474 3363 stque
489 3277 707 3364 benignitate
721 3277 1020 3344 Maurenbreeheri
1035 3277 1165 3343 fuctum
1185 3286 1244 3362 est,
1268 3287 1309 3343 ut

143 3384 207 3448 duo
230 3384 404 3448 semestris
426 3383 598 3448 seminarii
620 3384 774 3450 historici
798 3385 920 3449 sodalis
945 3407 1058 3449 essem.

228 3489 359 3568 Quibus
382 3489 466 3555 viris
489 3491 616 3578 optime
640 3491 758 3556 deme
781 3491 911 3556 meritis
935 3513 1013 3556 cum
1036 3489 1205 3575 omnibus,
1232 3497 1307 3555 tum

141 3597 328 3663 Ribbeckio
352 3604 386 3661 et
409 3597 527 3683 Lipsio
550 3597 678 3683 gratias
702 3620 767 3683 ago
791 3619 891 3682 quam
914 3597 1084 3663 maximas.
