3008 4928
680 253 880 311 ..7.-

199 459 202 466 ’
305 425 390 492 ‘Nec
414 424 557 490 sedeant
579 423 686 489 cineri
700 447 816 489 manes
836 429 872 488 et
887 423 1055 488 Cerberus
1071 465 1102 486 ..
1125 429 1253 488 terreat
1277 423 1368 488 ossa’.

190 543 221 618 ’1,
247 540 288 598 25
313 533 400 598 ‘Nec
429 531 563 619 crepuit
587 582 618 594 ..
643 537 755 596 custos
778 530 896 596 Laesit
920 537 954 596 et
977 581 985 594 .
1008 577 1017 594 .
1039 530 1187 616 tegula.
1212 580 1218 593 .
1243 529 1367 617 caput’.

188 648 222 725 8,
246 647 288 706 43
312 643 480 725 ‘neque..
505 638 683 704 constabat
698 637 858 703 flamma.
875 637 1059 704 .Reccidit
1075 637 1226 723 inque..
1250 657 1368 702 mensa

191 741 317 837 pedes.

280 854 347 919 Pro
372 853 490 918 ordine
514 855 615 918 ‘et-
633 852 675 918 et’
700 875 736 917 11
760 801 895 917 111111ι
897 875 1030 937 que
1054 852 1128 937 que'
1152 851 1250 934 1117,
1269 858 1297 917 6
1315 857 1366 916 66.

194 965 320 1045 11‚28.
352 959 798 1043 IV861487945

118 1052 122 1058 ’
279 1067 323 1130 ln
348 1065 477 1153 duplici
504 1065 650 1132 relativo
674 1065 852 1130 enuntiato
881 1064 969 1130 illud
992 1087 1068 1129 raro
1091 1065 1218 1130 inveni.
1264 1065 1365 1152 Prop.

186 1173 260 1258 12,
284 1180 326 1238 30

302 1279 434 1345 ‘Omnia
458 1301 611 1364 quaeque
634 1278 751 1344 Venus
776 1300 929 1364 quaeque
953 1277 1111 1344 Minerva
1133 1233 1273 1365 probat’.

188 1387 271 1454 Pan.
294 1387 394 1451 Mess.
418 1391 468 1450 36.

279 1461 518 1559 Coniunctio‘
524 1514 590 1577 que
594 1491 775 1557 ’secundo
799 1514 917 1558 versus
940 1491 1106 1557 vocabulo
1135 1490 1269 1556 adnexa
1298 1495 1362 1554 est:

188 1599 244 1667 IH
261 1607 311 1685 25,
329 1605 369 1666 15
391 1600 488 1664 ι111111
487 1621 549 1664 111
568 1621 674 1684 inque
689 1599 818 1665 vicem’.
858 1599 954 1683 ivs,
979 1607 1021 1664 44
1050 1597 1250 1664 ‘Reccidit
1240 1596 1364 1722 inque'.

189 1707 226 1774 H
251 1715 301 1792 28,
326 1715 368 1772 45
393 1705 494 1772 ‘Ante
517 1705 685 1791 tuosque'.

278 1813 333 1880 Ad
356 1813 498 1878 tertium
513 1811 718 1878 vocabulum
733 1811 902 1898 particula
925 1818 976 1876 est
992 1811 1175 1898 applicata:
1199 1810 1235 1874 H
1253 1817 1303 1894 20,
1321 1815 1361 1874 12

183 1915 381 1986 ‘⁴-Ferratam
403 1919 538 1983 Danaes
561 1918 819 2004 transiliamque
841 1917 997 1984 domum’.
1045 1925 1095 2001 32,
1122 1924 1163 1982 14
1188 1916 1363 1982 ‘Flumina

182 2026 298 2115 sopito
323 2049 523 2111 quaeque..
549 2025 699 2092 oadunt’.

276 2139 306 2198 9.
331 2132 534 2219 Negationis
550 2133 603 2198 vis
619 2133 663 2198 ad
678 2139 877 2218 sequentem
892 2132 1098 2220 particulam
1115 2131 1166 2196 ‘et’
1179 2131 1249 2215 (vel
1264 2131 1360 2216 ‘quel

181 2239 359 2330 ‘pertinere
382 2239 533 2306 iubeturz
564 2241 602 2304 H
627 2247 654 2324 1,
679 2250 720 2306 22
745 2244 912 2306 ‘canerem
935 2240 1014 2306 Non
1037 2241 1192 2307 Ossan..

298 2346 377 2412 Non
400 2354 533 2412 veteres
557 2346 698 2432 Thebas,
722 2370 787 2412 nec
809 2349 976 2434 Pergama
999 2369 1124 2436 nomen
1147 2345 1289 2411 Homeri

298 2453 426 2517 Xerxis
450 2460 484 2518 et
507 2453 649 2540 imperio
672 2453 755 2519 bina
778 2453 883 2519 coisse
907 2453 1014 2521 vada'.
1042 2454 1096 2518 lH
1120 2461 1149 2537 9,
1175 2460 1225 2518 40.
1251 2458 1301 2536 11,
1320 2460 1366 2522 66.

125 2547 127 2558 ⁴
181 2560 353 2627 ⁴⁴Non..
377 2558 469 2626 ,fui
496 2567 594 2625 tanto
626 2560 692 2626 tibi
721 2560 796 2627 eive
819 2559 982 2626 verenda'
1015 2560 1115 2626 Dixit
1138 2564 1186 2625 ‘et
1218 2559 1360 2626 adsiduo

183 2667 305 2754 lingua
328 2667 461 2755 sepulta
483 2668 612 2734 mero⁷’.

277 2781 328 2839 10
368 2775 500 2840 Collato
524 2774 678 2860 Vergilio
704 2774 769 2839 etsi
791 2774 1032 2839 Lachmannus
1056 2775 1100 2861 (p.
1118 2777 1195 2857 365)
1220 2774 1360 2858 quibus-

181 2881 265 2946 dam
286 2881 369 2946 locis
392 2883 580 2948 voculam⁴
582 2881 653 2946 111
677 2882 715 2945 11
739 2881 866 2966 ‘neque'
891 2887 1097 2964 mutaverat,
1121 2888 1237 2946 tamen
1259 2903 1359 2946 nemo

185 2988 330 3053 aliorum
359 2988 567 3072 criticorum,
601 2988 661 3073 qui
689 2987 845 3053 codicum
867 2985 1106 3052 auctoritatem
1128 2987 1236 3073 pluris
1260 2987 1360 3053 aesti-

183 3095 334 3178 mabant,
358 3095 430 3160 eius
446 3095 614 3160 rationem
636 3101 772 3160 secutus
798 3100 856 3159 est.
887 3094 1007 3178 Neque
1023 3116 1105 3159 vero
1128 3116 1199 3159 non
1222 3095 1360 3160 illorum

183 3201 347 3268 lectiones
370 3209 470 3266 textu
485 3193 636 3288 Vergilii
656 3202 731 3289 ipso
756 3199 998 3266 defenduntur.
1037 3200 1126 3266 Nam
1148 3201 1359 3268 Ribbeckius

182 3307 250 3372 sibi
272 3309 476 3374 mutandum
500 3332 570 3374 esse
594 3331 809 3394 nequaquam
833 3307 979 3374 censuit:
1010 3306 1096 3372 Aen.
1120 3307 1171 3374 IV
1195 3315 1258 3374 529
1284 3314 1359 3375 ‘nec

183 3415 348 3499 unquam'
383 3447 424 3472 ==
453 3417 552 3503 Prop.
581 3415 617 3479 H
642 3423 696 3499 26,
722 3422 773 3480 53.
818 3416 998 3480 Praeterea
1030 3414 1173 3480 Ovidius
1206 3413 1277 3480 fere
1310 3415 1359 3480 sic

183 3520 344 3605 loquitur.
389 3521 525 3586 Deinde
547 3521 633 3586 Aen.
656 3521 693 3586 H
716 3529 780 3586 432
811 3529 846 3586 et
870 3528 932 3586 461
959 3524 1036 3585 ‘nec
1063 3521 1166 3586 ullus'
1192 3551 1233 3576 =
1258 3523 1356 3610 Prop.

182 3625 234 3692 IV
259 3633 309 3711 11,
334 3635 385 3694 41.
430 3627 663 3694 1111111430
694 3633 769 3692 ‘nec
789 3626 974 3715 Apollinis'
998 3658 1040 3684 ·=
1064 3627 1164 3714 Prop.
1187 3628 1238 3694 ΠΙ
1262 3635 1290 3711 3,
1315 3637 1356 3694 42

183 3736 256 3799 ‘nec
278 3733 452 3801 Aonium’.
498 3735 657 3820 Denique
679 3736 779 3822 Prop.
803 3733 854 3800 IV
879 3741 907 3818 5,
932 3741 973 3800 50
999 3738 1070 3799 ‘nec
1093 3734 1226 3799 attrita’
1251 3736 1357 3822 parti-

182 3841 295 3905 culam
322 3841 497 3908 immutari
528 3865 598 3907 non
630 3849 681 3906 est
712 3864 863 3925 necesse,
893 3863 971 3906 cum
999 3844 1074 3905 ⁴nec
1104 3840 1237 3925 adhuc’,
1271 3865 1357 3928 quae

184 3947 329 4012 elocutio
352 3971 373 4012 a
395 3949 615 4014 Lachmanno
639 3948 766 4013 reiecta
790 3955 855 4032 est,
883 3969 1045 4034 persaepe
1073 3954 1210 4034 praeter
1234 3952 1356 4034 ‘neque

182 4053 306 4119 adhuc⁷
341 4062 502 4142 appareat
534 4077 585 4142 ap.
620 4054 790 4122 Ovidium.
846 4051 1021 4120 (1111111.
1054 4054 1072 4116 1
1102 4059 1175 4119 132.
1221 4055 1258 4120 Χ
1283 4063 1355 4122 255.

181 4159 264 4225 Her.
289 4161 362 4226 ΧΠ
388 4168 460 4228 141.
505 4162 601 4226 Rem.
627 4167 700 4227 123.
745 4160 993 4226 1111111423.

274 4274 326 4334 11.
366 4267 539 4349 Versibus,
565 4267 624 4354 qui
647 4268 805 4334 voculam
829 4267 917 4332 ‘nec’
942 4267 1089 4333 secundo
1112 4268 1186 4334 loco
1209 4269 1355 4356 positam
