3008 4928
628 283 847 342 ...50-

241 453 314 524 Iam
337 477 439 542 supro
453 455 575 522 vocula
599 453 656 520 ‘in’
673 454 739 520 loci
762 452 1054 540 propinquitatem
1073 452 1220 518 indicari
1234 453 1327 518 vidi-

152 583 235 626 mus.
269 561 362 639 Quae
385 569 501 628 utrum
523 561 562 625 in
585 561 776 626 elocutione
800 559 851 623 ‘in
873 559 999 624 limine’
1024 559 1055 645 (Ι
1076 565 1125 643 16,
1143 567 1192 624 22.
1226 567 1255 644 4,
1271 567 1325 625 22.

155 675 188 752 35
209 672 264 751 22)
286 668 523 755 intellegetur,
545 690 667 752 necne,
694 666 788 734 hand
811 665 974 734 continuo
999 665 1180 734 diiudicari
1201 674 1326 754 potest.

153 773 204 842 At
224 774 409 863 probabilis
432 775 494 842 fiet
515 775 575 842 ille
598 774 805 858 coniectura,
833 773 863 839 si
885 773 1173 862 comparabuntur
1196 773 1234 838 hi
1256 773 1326 840 loci

153 882 207 948 111
231 889 260 966 3,
284 887 324 950 17
544 911 545 916 ’
919 916 923 926 ·

265 988 413 1076 ‘Quippe
436 995 614 1056 coronatos
637 987 786 1056 alienum
808 987 852 1056 sd
867 987 972 1054 limen
987 993 1140 1054 umentes
1156 1038 1163 1050 .
1180 1038 1187 1051 .
1204 987 1327 1052 cenes’.

153 1094 324 1179 716111,
342 1102 383 1160 74
407 1095 533 1162 ‘dicere
556 1094 655 1160 iussit
677 1095 802 1160 Limen
825 1094 869 1160 ed
891 1095 998 1161 iratae
1021 1093 1126 1160 verbe
1143 1145 1149 1158 .
1165 1145 1172 1158 .
1189 1094 1327 1158 senem’.

242 1202 364 1287 Iteque
387 1224 459 1266 non
482 1201 623 1268 dubium
652 1209 718 1285 est,
746 1201 830 1287 quin
857 1207 961 1288 poete
985 1200 1119 1268 ratione
1142 1201 1328 1288 superioris

153 1307 221 1376 loci
242 1307 362 1372 habitu
386 1307 462 1374 ‘sub
484 1308 613 1376 limine’
639 1312 760 1392 (unten
783 1311 841 1392 en)
865 1308 1040 1396 scripserit
1061 1307 1097 1374 H
1122 1316 1172 1391 25,
1198 1313 1236 1372 17

266 1413 323 1480 ‘At
345 1415 440 1482 nullo
464 1415 619 1482 dominae
642 1415 767 1480 teritur
790 1415 853 1480 sub
876 1415 995 1481 limine
1016 1437 1111 1480 emor
1133 1414 1194 1500 qui

264 1513 387 1586 Restat
411 1528 445 1586 et
467 1521 627 1586 inmerito
650 1522 797 1586 sustinet
820 1544 901 1588 eure
925 1521 1058 1588 minus'.

244 1626 373 1704 Quodsi
397 1628 539 1712 quaeris,
561 1627 623 1694 ubi
645 1628 799 1716 superior
821 1629 927 1712 locus,
951 1649 1052 1712 quem
1074 1635 1195 1715 poetae
1218 1625 1328 1692 oculis

156 1732 374 1800 obversatum
397 1757 469 1800 esse
491 1733 668 1819 affirmavi,
690 1733 810 1818 fuerit,
835 1735 927 1800 houd
950 1732 1091 1800 difficile
1115 1741 1166 1799 est
1188 1756 1328 1822 respon-

155 1841 242 1906 dere.
275 1841 363 1906 Nem
386 1843 487 1930 Prop.
511 1849 571 1908 out
594 1842 748 1929 superius
772 1842 896 1908 ostium
918 1842 955 1906 in
978 1841 1091 1908 enimc
1114 1840 1243 1925 hebuit,
1267 1847 1330 1905 eut

157 1948 275 2012 domus
298 1945 492 2032 fenestram,
516 1971 557 2014 ex
580 1971 648 2033 qua
669 1949 784 2036 puelle
807 1971 884 2014 cum
907 1955 1056 2014 amatore
1080 1948 1246 2014 collocuta
1266 1955 1327 2012 est.

157 2052 226 2120 cfr.
241 2053 324 2119 Hor.
340 2053 395 2120 III
412 2063 441 2137 7,
457 2061 500 2120 30
526 2063 648 2139 ‘neque
663 2054 701 2120 in
715 2055 789 2120 vius
805 2054 876 2120 Sub
893 2061 998 2120 centu
1016 2055 1177 2140 querulae
1193 2053 1330 2141 despice

156 2159 283 2224 tibiae'.
973 2157 977 2165 “

244 2265 409 2353 Adiungo
442 2268 668 2336 elocutionem
696 2273 819 2334 ‘terere
846 2268 1005 2356 eliquem’
1033 2267 1151 2334 lexicis
1182 2265 1330 2333 testibus

158 2374 369 2462 comprobari
392 2397 545 2442 sermone
568 2375 715 2442 Livieno
739 2383 841 2460 etque
864 2375 1047 2442 relativum
1068 2397 1266 2464 pronomen,
1291 2373 1331 2438 in

158 2504 225 2568 quo
242 2481 380 2566 quidam
395 2481 620 2565 offenderunt,
636 2482 674 2546 in
688 2503 806 2547 versus
821 2483 916 2548 exitu
931 2481 973 2548 ab
984 2482 1108 2549 Ovidio
1121 2481 1254 2570 saepius
1269 2504 1330 2568 po·

157 2589 262 2656 situm
285 2611 364 2671 esse,
388 2611 489 2672 quum
511 2596 552 2654 ut
567 2588 732 2654 eiusmodi
747 2589 942 2656 testimonia
960 2588 1151 2656 adscribam
1166 2595 1330 2676 oporteat.

249 2694 343 2772 Quae
371 2717 448 2761 cum
476 2695 526 2762 itu
552 2695 637 2778 sint,
668 2695 831 2760 concedes
859 2719 1009 2780 versum,
1040 2696 1082 2761 de
1110 2717 1180 2780 quo
1205 2695 1332 2782 egitur,

159 2799 289 2868 frustra
309 2809 472 2866 vexatum
500 2801 704 2868 coniecturis
728 2801 938 2884 (‘moliminc’
962 2801 1078 2868 Deris.
1100 2802 1214 2868 Muell.
1254 2801 1332 2866 ‘sub

160 2907 310 2972 crimine'
326 2908 506 2994 Langerm.
522 2907 657 2991 Beehr.)
685 2909 937 2993 neque'merito
959 2932 1058 2974 cruce
1080 2916 1239 2976 notatum
1259 2931 1332 2974 esse

160 3015 202 3080 ab
226 3014 380 3102 Hauptio
404 3015 635 3099 Vahlenoque.

248 3121 353 3189 Haud
384 3121 531 3188 multum
562 3121 683 3204 habeo,
721 3122 813 3206 quod
846 3117 957 3205 dicem
989 3122 1031 3188 de
1063 3122 1116 3188 his
1154 3121 1330 3209 exemplis:

161 3227 212 3293 lv
237 3235 269 3311 5,
294 3235 336 3294 66
367 3228 508 3294 ‘roseric
540 3227 611 3292 Sub
662 3279 668 3292 .
694 3235 790 3294 coctu
820 3229 929 3295 iacere
960 3229 1054 3296 noto’
1083 3229 1103 3294 i.
1121 3252 1147 3294 e.
1170 3235 1273 3296 unter
1300 3228 1331 3292 d.

161 3333 294 3419 Wirkg.
319 3333 378 3400 des
400 3333 442 3402 N.
487 3334 524 3398 Π
548 3341 603 3418 28,
627 3341 667 3398 35
702 3334 891 3401 ‘Deficiunt
911 3335 1044 3422 magico
1067 3335 1152 3401 torti
1175 3334 1237 3400 sub
1261 3357 1332 3400 cer-

162 3439 256 3506 miue
278 3436 425 3506 rliombi'
449 3440 472 3508 i.
488 3463 514 3504 e.
537 3439 703 3506 wthrend
727 3441 785 3506 des
800 3440 840 3506 L.
879 3439 947 3508 cfr.
963 3441 1046 3508 Hor.
1063 3441 1117 3506 ΙΠ
1135 3447 1162 3525 7,
1180 3448 1221 3508 30
1247 3441 1332 3507 ‘Sub

164 3546 268 3616 centu
292 3597 321 3610 ..
347 3545 502 3634 despice’.
548 3547 602 3612 Pr.
627 3547 677 3613 IV
703 3557 734 3632 7,
760 3553 800 3612 35
835 3547 943 3612 ‘Haec
966 3599 972 3611 .
997 3599 1003 3612 .
1027 3569 1159 3614 mecum
1186 3546 1249 3613 sub
1271 3547 1333 3614 lite

163 3652 318 3740 peregit'.
365 3651 434 3730 Ofr.
459 3653 562 3739 Verg.
584 3653 670 3720 Aen.
694 3653 745 3720 IV
770 3661 833 3720 560
862 3659 971 3742 ‘potes
994 3654 1059 3720 hoc
1082 3653 1146 3720 sub
1169 3675 1249 3722 cusu
1272 3653 1334 3718 du·

165 3782 239 3824 cere
262 3760 427 3826 somnos‘?’
