3008 4928
599 245 877 337 1515.-

178 415 317 502 pertius,
340 422 522 504 postquam
544 417 581 480 in
605 417 713 509 altero
736 441 784 487 vs.
808 419 844 483 Π
869 425 910 484 26
933 419 973 503 Β,
998 427 1016 484 3

285 525 377 608 ‘N0n,
401 523 483 590 si..
507 524 651 589 redeant
675 531 710 590 et
731 524 873 590 flumina
897 524 1014 592 Croesi

336 629 439 696 Dicat
460 630 513 695 ‘de
535 637 652 696 nostro
675 654 785 718 surge,
807 637 916 719 poeta,
939 633 1042 699 toro”.

176 743 308 802 amatae
330 737 434 804 fidem
457 738 647 826 descripsit,
671 739 707 804 in
732 739 839 804 altero
862 763 912 806 vs.
936 747 955 805 9

265 844 343 910 ‘Seu
368 867 461 910 mare
492 869 555 934 per
582 846 726 932 longum
753 868 829 911 mea
856 847 985 932 cogitet
1016 847 1066 912 ire
1089 847 1215 936 puella,
1247 847 1353 914 Hanc

175 973 297 1037 sequar
328 1003 335 1016 .
368 1003 375 1021 .
409 951 424 1016 .’
457 952 501 1018 ad
534 976 605 1018 sese
641 952 804 1037 devertit,
840 960 881 1018 ut
914 959 1116 1041 exponeret,
1152 977 1187 1019 se
1220 976 1350 1020 summa

173 1065 366 1146 permotum
403 1061 595 1126 constantia
631 1060 781 1125 maxima
816 1059 968 1146 pericula
1004 1083 1080 1125 cum
1112 1066 1225 1126 amata
1256 1060 1351 1126 subi-

172 1170 290 1230 turum
315 1188 394 1232 esse.

262 1275 293 1356 c)
316 1273 360 1337 In
388 1273 552 1338 alterutro
584 1273 757 1338 enuntiati
783 1273 934 1338 membro
957 1274 1163 1361 particulam
1185 1273 1274 1340 ‘sive'
1302 1274 1350 1342 ab

171 1379 317 1446 Horatio
349 1380 459 1469 primo
496 1380 644 1468 positam
684 1403 755 1446 esse
786 1381 940 1468 Draegcr
973 1383 1022 1466 (H
1055 1386 1132 1465 147)
1168 1404 1348 1470 perperam

170 1484 366 1554 affirmavit.
411 1487 437 1552 J
437 1510 492 1552 am
506 1487 641 1554 Ennius
657 1487 747 1554 Ann.
772 1495 834 1556 457
859 1489 963 1554 habet
987 1489 1062 1554 ‘tibi
1076 1490 1150 1556 vita
1173 1512 1234 1554 seu
1255 1511 1351 1554 mors

169 1593 208 1657 in
234 1593 309 1660 vita
337 1595 396 1660 est'
424 1600 527 1680 atque
557 1601 637 1682 post
665 1617 743 1660 eum
766 1594 919 1660 Catullus
946 1595 1085 1683 scripsit
1113 1604 1142 1680 4,
1173 1601 1212 1660 19
1238 1596 1344 1661 ‘laeva

169 1700 242 1766 sive
266 1701 406 1767 dextera
421 1703 569 1768 Vocaret
591 1701 691 1767 aura'.
735 1701 867 1767 Locum
889 1704 988 1790 Prop.
1004 1703 1041 1766 H
1057 1711 1108 1788 26,
1134 1710 1175 1768 34
1190 1703 1350 1789 Draeger

167 1806 331 1874 laudavit.
1332 1835 1335 1840 ·

257 1914 292 1997 d)
317 1915 499 2001 Singulare
527 1915 722 1980 sententiae
749 1914 938 1980 membrum
965 1913 1056 1981 ‘sive’
1078 1914 1250 2003 particula
1278 1915 1347 1980 ele-

167 2021 258 2108 giaci
280 2028 401 2108 poetae
424 2043 500 2087 raro
524 2021 756 2088 adiunxerunt
772 2019 854 2106 (Ofr.
870 2021 931 2088 Ov.
947 2021 1047 2086 Trist.
1064 2025 1079 2087 Ι
1096 2028 1124 2106 3,
1142 2028 1197 2106 89,
1220 2021 1344 2090 Catull.

168 2135 219 2214 82,
244 2132 277 2212 4)
292 2151 403 2214 neque
426 2129 606 2214 quisquam
628 2135 765 2216 praeter
780 2127 1005 2215 Propertium,
1030 2128 1122 2213 quod
1137 2129 1249 2212 sciam,
1273 2127 1346 2194 for-

165 2236 293 2301 mulam
316 2239 384 2300 ‘seu
407 2235 495 2320 quia'
519 2235 665 2300 admisit
710 2234 761 2301 IV
786 2241 836 2314 10,
861 2242 916 2318 47,
941 2243 970 2318 2,
995 2240 1035 2301 11

143 2356 145 2360 ·
278 2341 336 2408 ‘At
357 2349 538 2430 postquam
560 2343 618 2407 ille
641 2395 673 2408 ..
697 2341 864 2426 concessit
886 2342 1032 2407 alumnis

276 2449 486 2515 Vertumnus
509 2471 608 2515 verso
633 2448 728 2514 dicor
751 2448 793 2514 ab
816 2471 915 2514 amne
938 2448 1029 2515 deus.

276 2556 344 2621 Seu
367 2556 447 2641 quia
468 2555 636 2622 vertentis
659 2555 811 2621 fructum
832 2555 1066 2643 praecepimus
1091 2554 1181 2639 anni,

277 2663 461 2728 Vertumni
483 2664 610 2749 vulgus
634 2662 781 2728 credidit
805 2686 874 2728 esse
898 2663 1048 2730 sacrum'.

253 2772 284 2857 e)
307 2771 350 2835 In
372 2770 510 2857 protasi,
534 2791 636 2854 quam
659 2769 796 2855 integra
818 2769 973 2854 sequitur
995 2767 1160 2856 apodosis,
1183 2766 1260 2832 ‘seu'
1284 2768 1341 2832 in-

161 2875 301 2941 venitur
323 2877 378 2940 ΙΠ
402 2882 452 2960 21,
478 2884 496 2940 8

251 2984 329 3049 ‘Seu
343 2984 441 3049 venit
464 2990 615 3048 extremo
640 2981 766 3047 dormit
788 2981 912 3048 amicta
934 2982 1027 3048 toro'.
1064 2983 1165 3069 Prop.
1180 2981 1232 3047 IV
1248 2988 1276 3066 6,
1294 2987 1335 3047 81

161 3089 252 3156 ‘Sive
353 3089 523 3177 pharetris
547 3140 579 3156 ..
602 3096 720 3176 parcet
744 3089 821 3173 eois,
843 3088 1009 3156 Differat.

249 3195 514 3285 Ap.Prop.1[[
538 3204 589 3277 21,
614 3202 654 3262 31

271 3304 353 3370 ‘Aut
375 3305 486 3392 spatia
508 3325 676 3369 annorum
699 3310 759 3368 aut
781 3303 887 3389 longa
909 3302 1092 3370 intervalla
1113 3301 1279 3390 profundi

270 3412 449 3478 Lenibunt
470 3412 577 3477 tacito
600 3411 743 3477 vulnera
765 3417 883 3476 nostra
905 3411 992 3476 sinu.

271 3519 340 3584 Seu
361 3519 495 3603 moriar,
517 3517 600 3602 fato,
622 3540 692 3583 non
714 3517 810 3604 turpi
831 3515 961 3582 fractus
984 3515 1115 3582 amore'.

247 3625 475 3692 Baehrentem
509 3648 572 3714 pro
610 3624 686 3690 ‘seu'
723 3625 880 3692 voculam
917 3623 982 3688 ‘sio'
1019 3646 1089 3690 non
1125 3621 1334 3710 scriptmum

156 3729 262 3797 fuisse
287 3733 455 3817 existimO,
483 3733 513 3797 si
539 3731 647 3820 priori
671 3731 747 3796 ‘aut'
774 3731 998 3818 posteriorem
1025 3729 1229 3819 particulam
1252 3730 1333 3794 ‘aut'

157 3841 378 3927 opposuisset.
436 3840 524 3904 Nam
569 3844 684 3926 poeta,
729 3844 911 3926 postquam
956 3859 1027 3902 sese
1073 3837 1113 3902 in
1157 3842 1331 3924 posterum

156 3945 199 4011 ab
236 3969 349 4012 amore
384 3945 567 4011 liberatum
608 3945 782 4011 victurum
819 3967 889 4009 esse
929 3942 1155 4031 praedicavit,
1196 3948 1330 4008 mutata

155 4075 239 4118 voce
262 4053 425 4136 submisse
447 4053 563 4141 pergit
586 4052 663 4118 ‘Seu
685 4052 823 4136 moriar,
845 4051 970 4116 moriar
991 4050 1082 4118 fato'.
1128 4049 1263 4138 Sperat,
1286 4055 1327 4114 ut

154 4159 307 4226 breviter
331 4160 453 4245 dicam,
480 4160 578 4224 illum
607 4181 754 4224 amorem
781 4181 891 4244 neque
914 4157 1023 4224 vitam
1046 4179 1158 4243 neque
1182 4162 1328 4222 mortem

153 4274 327 4333 moturum
351 4291 429 4334 esse.
