3008 4928
623 237 844 297 -57-

131 411 297 499 'riamvess
320 408 461 475 Hertzb.
482 408 692 497 ‘patriaeve',
715 407 889 474 Vahlenus
912 408 964 474 ‘Si
986 431 1103 497 posces
1127 409 1318 496 pariamne',

146 516 319 582 Baehrens
344 517 430 583 ‘Sim
454 537 590 604 compar
613 514 766 602 patiare',
794 514 1007 598 Flcischm.¹)
1031 514 1184 600 ‘Simque
1208 537 1317 582 comes

146 623 342 711 pariamque
365 624 438 690 tua’
463 622 590 708 aliique
612 621 713 687 aliter
735 621 953 709 scripserunt.

234 729 284 795 At
307 753 425 796 omues
448 729 501 794 iili
524 728 636 794 critici
659 751 727 814 qua
742 728 874 794 ratione
889 728 1074 816 particulas
1097 729 1160 794 ‘ne’
1177 737 1237 795 aut
1253 730 1316 794 ‘ve’

146 837 335 902 intellectas
351 836 491 920 vellent,
514 858 587 901 non
610 834 801 900 docuenmt
816 857 926 920 neque
951 843 1125 920 caverunt,
1148 859 1192 901 ne
1212 836 1318 902 nimia

146 945 197 1009 vis
220 945 333 1009 textui
354 942 460 1008 fieret.

235 1051 329 1129 Quae
353 1073 430 1115 cum
453 1049 504 1115 ita
519 1056 639 1132 essent,
663 1048 764 1114 aliam
784 1048 876 1114 viam
890 1049 1063 1135 ingressus
1086 1073 1169 1116 sum.
1201 1050 1318 1136 Atque

146 1158 293 1245 primum
317 1157 392 1222 ‘sic‘
416 1155 618 1222 adverbium
641 1155 685 1220 ad
707 1155 949 1242 praecedentes
973 1179 1090 1222 versus

252 1263 313 1329 ‘Te
336 1272 419 1350 toga
440 1264 534 1351 picta
557 1261 760 1345 decet‚·n0n
784 1285 885 1348 quem
907 1263 981 1328 sine
1004 1263 1123 1328 matris
1146 1264 1273 1329 honore

297 1371 418 1436 Nutrit
440 1369 645 1435 inhumanae
669 1369 755 1434 dura
777 1369 904 1457 papilla
926 1369 1049 1458 lupae'.

146 1480 195 1544 ita
222 1484 375 1565 spectare
401 1476 488 1542 mihi
515 1475 667 1560 videtur,
694 1483 735 1541 ut
762 1473 825 1541 sub
854 1499 893 1541 eo
921 1478 1092 1542 sententia
1119 1477 1317 1543 subicienda

145 1586 189 1650 sit
213 1585 317 1650 ‘situ
340 1583 479 1650 Romuli
501 1584 613 1649 locum
636 1582 794 1650 obtines'.
833 1583 1008 1662 Quacum
1035 1585 1317 1672 interpretatione

145 1689 477 1773 Fleischmannum¹)
500 1689 695 1776 nuperrime
724 1690 919 1776 congruisse
947 1713 1038 1755 nunc
1066 1691 1134 1755 iam
1155 1691 1237 1756 iicet
1260 1692 1317 1757 ad-

147 1799 297 1884 iungere.

233 1902 367 1970 Deinde
391 1902 615 1986 enuntiatum,
640 1903 682 1968 de
706 1926 773 1988 quo
797 1904 921 1990 agitur,
946 1904 983 1968 in
1005 1903 1149 1970 formam
1172 1905 1316 1970 interro·

143 2011 293 2100 gationis
315 2008 476 2097 redige.⁸)

233 2118 391 2203 Denique
414 2116 558 2203 hospitis
581 2117 676 2182 notio
699 2116 801 2182 latius
827 2125 931 2204 patet.
970 2118 1058 2182 Nam
1081 2118 1228 2206 hospitio
1245 2142 1316 2184 non

144 2233 299 2315 respecto
321 2225 380 2289 illa
403 2247 471 2290 vox
495 2230 529 2288 et
552 2246 572 2288 a
594 2223 704 2311 poetis
728 2225 840 2312 (Prop.
864 2224 915 2290 IV
933 2231 959 2308 1,
986 2231 1013 2290 1.
1046 2225 1128 2290 Hor.
1154 2249 1203 2312 ep.
1220 2226 1271 2290 VI
1288 2233 1315 2291 1.

146 2336 218 2400 Oat.
241 2332 292 2398 IV
317 2337 348 2416 1)
382 2339 416 2396 et
443 2354 462 2395 a
490 2330 712 2418 scriptoribus
740 2331 920 2396 titulorum
947 2332 984 2396 in
1012 2333 1165 2420 sepulcro
1194 2333 1316 2398 inciso-

145 2440 252 2524 rum⁴)
275 2446 439 2526 usurpata
462 2446 521 2504 est.

233 2546 342 2633 Atqui
370 2545 399 2610 si
422 2544 571 2628 Tatium,
605 2545 731 2632 quippe
764 2545 823 2630 qui
855 2553 950 2610 ortus
979 2553 1066 2611 esset
1093 2569 1114 2610 a
1136 2547 1316 2633 peregrina
1374 2569 1377 2576 ’

144 2661 256 2740 gente,
279 2676 350 2719 non
373 2658 580 2718 convenerat
603 2651 757 2716 sacerdos
773 2652 917 2740 Tarpeia
939 2675 1050 2738 neque
1066 2661 1157 2718 certe
1180 2653 1315 2718 intelle·

140 2760 256 2846 gebat,
279 2767 395 2825 utrum
417 2763 459 2827 ab
473 2781 512 2824 eo
536 2765 714 2841 amaretur,
737 2781 852 2842 necne,
875 2758 951 2824 fieri
966 2759 1026 2824 vix
1048 2759 1170 2846 potuit,
1194 2767 1233 2824 ut
1248 2760 1315 2825 alio

144 2866 283 2931 nomine
305 2873 468 2932 uteretur.
506 2867 686 2930 Praeterea
708 2872 809 2952 poeta
831 2888 950 2930 vocem
973 2865 1118 2957 ‘hospes’
1143 2866 1219 2933 idco
1240 2867 1314 2931 aliis

143 2971 286 3038 fortasse
318 2973 525 3060 anteposuit,
559 2971 651 3057 quod
682 2971 837 3060 Tarpeia,
871 2965 1123 3060 exspectatione
1156 2973 1316 3038 desiderii

145 3080 287 3167 expleta,
310 3087 474 3167 perpetuo
498 3078 647 3165 hospitio
667 3086 808 3165 excepta
832 3085 927 3143 esset.
973 3079 1025 3144 De
1048 3079 1112 3144 hoc
1135 3081 1228 3145 vocis
1251 3102 1315 3144 usu

143 3186 258 3251 nescio
282 3208 327 3250 an
350 3209 412 3251 nos
435 3186 589 3251 docuerit
613 3183 710 3250 Ovid.
734 3207 783 3250 vs
806 3185 887 3249 Met.
910 3185 961 3250 IV
986 3193 1062 3269 639,
1088 3185 1149 3250 ubi
1171 3187 1313 3251 Perseus

143 3291 328 3375 Atlantem,
353 3293 412 3377 qui
436 3315 512 3356 eum
535 3292 685 3378 ignorat,
714 3291 851 3355 nomine
875 3289 1018 3378 hospitis
1042 3292 1190 3380 appellat
1215 3300 1248 3356 et
1271 3292 1313 3356 ab

144 3420 183 3463 eo
206 3398 393 3485 hospitium
415 3398 512 3485 petit.

233 3503 326 3581 Quae
358 3503 426 3568 nisi
449 3503 586 3589 accipis,
614 3500 776 3568 facillima
803 3503 991 3568 mutatione
1020 3505 1158 3591 ‘sospes'
1187 3503 1314 3569 scribas

142 3610 224 3674 iicet
252 3617 311 3675 aut
334 3610 516 3676 Ribbeckii
539 3610 744 3674 sententiam
771 3608 900 3696 probes.
948 3610 1015 3686 Qui
1042 3633 1174 3676 mecum
1197 3611 1239 3676 de
1262 3612 1313 3676 in-

235 3824 254 3893 1)
274 3821 329 3878 cfr.
348 3821 551 3887 Floischmann,
570 3821 684 3876 Wiener
702 3821 819 3877 Studien
839 3823 908 3878 1888
926 3842 953 3893 p.
969 3825 1029 3882 155.

233 3911 253 3981 ¹)
272 3910 327 3965 Cfr.
345 3909 547 3975 Fleischmann,
567 3909 680 3964 Wiener
699 3909 815 3966 Studien
835 3911 903 3966 1888
921 3931 949 3982 p.
964 3915 1023 3968 154.

233 4001 254 4070 ³)
272 3999 378 4054 Vocula
396 3999 448 4054 ‘ue'
461 3999 563 4054 tertiae
576 3998 715 4054 enuntiati
727 3999 789 4054 voci
802 3999 935 4054 adhaeret
953 4017 997 4071 ap.
1011 4002 1094 4071 Prop.
1107 4001 1146 4055 III
1164 4003 1189 4068 6,
1205 4001 1238 4056 12
1257 4001 1314 4056 ‘Or-

143 4088 231 4143 nabat
248 4088 344 4143 niveas
362 4087 475 4142 nullane
494 4105 606 4158 gemma
623 4087 748 4141 manus?
768 4087 806 4142 III
827 4089 867 4152 16,
887 4092 912 4144 5.
939 4089 1015 4144 Alios
1034 4089 1108 4145 locos
1127 4089 1250 4146 invenies
1269 4108 1314 4161 ap.

134 4175 233 4233 Hand.
251 4177 290 4230 IV
309 4179 344 4233 76
362 4180 391 4233 et
409 4176 439 4232 in
457 4176 599 4246 Mergueti
617 4175 707 4231 Lexic.
726 4175 813 4232 Cicer.

232 4264 254 4336 ⁴)
274 4264 355 4336 Ocrp.
374 4266 457 4320 inscr.
476 4263 537 4320 Lat.
556 4265 570 4319 1
589 4265 665 4320 1006.
688 4266 764 4321 1007.
786 4265 861 4321 1027.
