3008 4928
678 281 879 338 ..5-„

191 451 345 520 faverint
367 459 471 538 atque
486 452 551 517 hae
566 451 699 518 ratione
715 451 837 517 vooula
853 451 914 516 ‘at’
930 471 1069 538 perraro
1084 455 1247 538 usurpata
1262 469 1364 536 appa·

57 623 65 639 ,
192 567 278 645 reat,
306 559 547 625 Lachmannus
576 579 617 624 ex
644 557 762 623 codiee
785 557 889 624 Gron.
913 579 975 645 pro
998 558 1060 623 ‘at’
1089 556 1365 623 coniunctionem

194 667 255 732 ‘et’
279 688 408 732 summo
431 665 506 730 iure
529 665 659 753 recepit
681 665 719 730 in
741 687 789 732 vs.
813 665 831 728 Ι
856 672 883 748 6,
909 673 949 730 22

299 773 402 838 ‘Nam
424 779 485 838 tua
507 793 577 838 non
600 778 692 836 aetas
715 793 867 856 unquam
890 771 1035 837 cessavit
1059 770 1175 854 amori,

367 879 508 966 Semper
531 885 566 944 et
588 885 739 943 armatae
762 899 843 944 eura
864 876 934 943 fuit
956 877 1111 965 patriae'.

282 985 411 1050 Contra
425 984 591 1072 Hertzbg.
608 991 644 1051 et
658 983 832 1050 Baehrens
847 983 1030 1050 lectionem
1053 985 1114 1050 ‘at’
1132 989 1365 1050 servaverunt.

194 1092 324 1170 Quodsi
345 1092 403 1177 ille
425 1115 496 1158 uno
520 1092 668 1179 Vergilii
690 1093 764 1158 loeo
787 1091 919 1176 nititur,
942 1089 1003 1156 nbi
1026 1098 1127 1178 poeta
1151 1096 1291 1178 propter
1314 1112 1364 1155 se-

193 1206 337 1284 quantes
359 1199 543 1286 particulas
567 1199 778 1286 copulativae
794 1205 897 1283 atque
919 1196 1144 1263 in'sententia
1160 1194 1365 1284 amplificata

194 1306 352 1372 vooulam
385 1306 445 1370 ‘et’
478 1327 541 1392 pro
574 1307 635 1371 ‘at'
669 1304 815 1371 seribere
847 1307 906 1372 vix
933 1304 1047 1392 potuit
1075 1341 1118 1362 -—
1146 1304 1219 1392 ipse
1249 1303 1366 1370 videas

194 1411 332 1498 (Georg.
354 1411 409 1476 ΙΠ
434 1413 510 1498 522)

301 1517 392 1584 ‘Non
414 1517 554 1582 umbrae
578 1569 608 1584 ..
631 1539 701 1584 non
723 1517 839 1583 mollia
860 1525 1003 1605 possunt

300 1627 405 1690 Prata
426 1645 563 1690 movere
586 1625 745 1708 animum,
769 1647 840 1690 non
917 1624 1039 1707 amnis;
1063 1623 1190 1689 etima
1303 1616 1306 1624 ’

301 1732 492 1798 Solvuntur
514 1731 621 1797 latera
644 1738 748 1817 atque
772 1731 886 1797 oeulos
909 1738 1029 1819 stupor
1050 1737 1153 1817 urget
1175 1729 1297 1794 inertis

300 1838 357 1903 Ad
379 1845 572 1922 terramque
595 1837 673 1904 fluit
697 1838 826 1904 devexo
850 1838 999 1925 pondere
1024 1837 1161 1904 eervix'.

196 1973 236 1994 *-
262 1967 326 2032 ego
350 1967 482 2032 appono
505 1945 589 2010 haeo
612 1945 784 2034 Propertii
806 1945 912 2032 ipsius
937 1944 1098 2031 exempla.
1143 1943 1198 2008 ΙΠ
1222 1950 1272 2027 24,
1298 1947 1336 2007 11

303 2051 409 2116 ‘Haeo
433 2074 505 2137 ego,
528 2073 598 2116 non
620 2050 721 2136 ferro,
744 2073 814 2117 non
836 2052 917 2138 igne
941 2058 1086 2136 coaetus,
1111 2050 1241 2137 etipsa

379 2157 574 2244 Naufragus
597 2157 736 2244 Aegaea
758 2181 841 2224 vera
862 2157 997 2223 fatebor
1019 2159 1127 2243 aqua’.

284 2267 351 2330 Pro
374 2265 496 2330 vooula
512 2265 572 2330 ‘et’
589 2272 706 2330 noster
728 2265 815 2330 ‘sed'
831 2265 946 2353 posuit
961 2265 1000 2329 in
1016 2264 1194 2330 enuntiato
1210 2263 1367 2328 similiter

195 2371 342 2437 formato
366 2372 384 2435 Ι
408 2379 436 2455 8,
461 2379 502 2436 39

303 2479 415 2543 ‘Hane
440 2501 503 2564 ego
526 2500 597 2544 non
620 2501 711 2562 auro,
734 2500 805 2543 non
827 2475 923 2545 Indis
946 2477 1083 2542 fleotere
1108 2477 1255 2561 conchis,

378 2585 446 2651 Sed
469 2586 567 2672 potui
589 2584 709 2650 blandi
732 2585 889 2650 carminis
913 2584 1096 2670 obsequio’.

284 2691 404 2777 Neque
425 2699 541 2757 tamen
558 2693 799 2776 contenderim,
822 2699 959 2780 poetam
974 2700 1082 2758 metro
1099 2698 1244 2777 cogente
1260 2691 1367 2756 altero

195 2799 269 2864 looo
297 2799 501 2886 particulam
530 2800 590 2864 ‘et’
619 2821 806 2886 usurpasse.
853 2800 902 2864 De
925 2798 1031 2864 verbo
1055 2797 1213 2864 ‘fatebor'
1237 2819 1367 2880 moneo,

196 2905 226 2968 si
251 2927 313 2991 per
335 2913 490 2970 nostrum
514 2907 583 2971 ‘ioh
605 2907 678 2972 wffl
702 2906 879 2993 gestehen’
903 2913 1071 2990 vertatur,
1106 2907 1176 2971 eius
1204 2905 1368 2970 traditam

195 3009 340 3076 formam
362 3012 401 3076 in
417 3011 576 3077 ‘fatebar’
601 3036 620 3077 a
636 3013 761 3078 oritiois
776 3013 902 3078 iniuria
916 3020 1083 3078 mutatam
1099 3035 1177 3078 esse.
1210 3011 1367 3096 Denique
1390 3053 1395 3064 ·

197 3117 281 3204 quid
297 3117 363 3182 sibi
377 3119 463 3184 velit
478 3119 682 3184 Baehrentis
705 3120 851 3185 mutatio
874 3121 967 3186 voois
991 3120 1089 3206 ‘ipsa'
1113 3121 1150 3184 in
1166 3119 1272 3206 ‘ipse',
1296 3139 1367 3182 non

196 3225 418 3310 inteflegitur.
437 3264 481 3275 -
503 3225 556 3290 De
580 3226 728 3290 seeundo
751 3227 833 3310 1000,
857 3226 918 3291 ubi
939 3227 1142 3313 particulam
1165 3227 1216 3290 ‘et’
1241 3225 1285 3289 ad
1307 3247 1368 3290 no-

195 3332 325 3396 tionem
348 3331 598 3397 adversativam
621 3332 780 3397 aooedere
803 3333 1096 3417 animadvertitur,
1119 3332 1137 3397 1
1163 3339 1212 3416 16,
1238 3338 1276 3396 11

304 3439 388 3504 ‘Neo
410 3445 527 3503 tamen
549 3437 609 3502 illa
632 3461 712 3504 suae
735 3446 914 3506 revocatur
937 3461 1075 3527 paruere
1097 3425 1216 3523 famae,¹

380 3545 526 3632 Turpior
550 3552 584 3610 et
607 3545 709 3610 saeeii
730 3546 848 3612 vivere
870 3546 1026 3613 luxuria'.

286 3652 541 3735 Lachmannus,
569 3659 751 3738 postquam
778 3653 874 3719 velut
901 3675 1056 3740 pannum
1078 3651 1208 3734 reiecit,
1236 3651 1261 3716 J
1262 3650 1367 3716 aoobo

198 3781 353 3823 assensus
387 3766 451 3842 est,
488 3759 548 3843 qui
579 3759 666 3823 illud
700 3759 916 3824 enuntiatum
946 3759 1143 3847 parenthesi
1174 3759 1366 3822 incluserat.

198 3863 326 3929 Tamen
347 3865 552 3952 Haupuus1)
582 3865 628 3929 eis
657 3864 794 3949 obiecit,
829 3866 912 3931 duos
939 3866 1129 3931 infinitivos
1156 3865 1279 3931 vooula
1305 3863 1366 3928 ‘et’

198 3978 339 4058 propter
361 3971 504 4037 verbum
527 3973 734 4037 ‘revocatur’
762 3995 833 4037 non
855 3995 952 4059 posse
981 3973 1143 4059 copulari,
1171 3971 1230 4036 sed
1253 3970 1367 4058 potius

199 4078 287 4142 ‘neo’
312 4077 448 4162 requiri,
471 4084 512 4143 ut
525 4077 766 4142 Lachmannus
781 4078 887 4165 probe
902 4079 1134 4144 intellexisset,
1166 4078 1288 4164 Itaque
1305 4077 1367 4162 ‘it',

290 4308 310 4377 ¹)
330 4306 383 4362 afr.
402 4306 506 4376 Haupt,
525 4324 617 4375 opusc.
636 4307 649 4360 1
667 4326 695 4376 p.
711 4309 769 4362 123.
