3008 4928
655 286 699 294 -
746 255 876 314 20-

202 509 204 512 ·
270 430 298 490 8.
330 423 493 512 Apertius
517 445 598 490 vero
622 425 834 491 concessivae
863 423 996 490 notioni
1019 423 1187 511 particula
1210 422 1359 494 ‘tamen’.

179 515 373 618 respondet:
406 531 540 598 VsIH
564 536 614 614 21,
640 538 656 595 7
1092 591 1094 598 .

291 636 369 702 ‘Vix
391 644 507 702 tamen
530 644 590 702 aut
612 638 725 726 semel
738 637 900 720 admittit,
924 659 1001 702 cum
1024 659 1123 725 saepe
1145 628 1298 722 negarit'.

178 741 240 808 ubi
270 743 436 826 Kuttner,
469 766 548 808 cum
578 743 622 808 ad
653 743 926 831 coniunctionem
953 743 1093 809 ‘tamen’
1125 743 1353 830 interpretan-

179 850 257 918 dam
279 873 327 916 vs.
353 859 371 915 3
395 857 594 916 revocatum
616 850 728 934 vellet,
752 873 822 916 non
845 850 1021 936 cogitavit,
1044 850 1081 914 in
1104 850 1225 916 vocula
1248 849 1351 916 ‘cum'

180 957 408 1022 concessivam
443 957 514 1024 vim
551 957 697 1045 positam
733 979 813 1022 esse.
865 957 1000 1022 Codicis
1035 957 1139 1044 Neap.
1171 955 1376 1032 lectionem

181 1064 341 1151 ‘negarit’
371 1086 485 1130 omnes
514 1071 654 1152 excepto
677 1064 842 1130 Muellero
870 1065 1076 1132 recentiores
1103 1063 1231 1129 iniuria
1252 1086 1353 1151 repu-

181 1169 289 1236 diasse
313 1170 412 1238 docet
436 1170 645 1236 simillimum
669 1171 869 1258 exemplum,
895 1170 987 1255 quod
1009 1170 1111 1235 attuli
1133 1193 1165 1257 p.
1190 1178 1241 1237 55.

269 1277 389 1362 Neque
411 1278 525 1342 minus
548 1279 702 1344 Kuttner
724 1278 860 1362 erravit,
884 1301 961 1344 cum
983 1278 1020 1343 H
1044 1285 1072 1362 5,
1097 1286 1115 1342 5

292 1384 352 1450 ‘Et
374 1383 472 1450 nobis
496 1385 619 1470 alique,
643 1385 802 1472 Cynthia,
826 1392 950 1451 ventus
974 1384 1048 1452 erit.

290 1491 471 1558 Inveniam
493 1498 609 1558 tamen
632 1515 650 1557 e
672 1493 789 1558 multis
812 1491 1126 1575 fallacibusunam,

292 1596 386 1674 Quae
408 1597 484 1662 fieri
506 1605 624 1663 nostro
648 1599 796 1664 carmine
819 1605 903 1664 nota
926 1598 1032 1663 velit’.

181 1703 367 1792 explicaret
397 1707 449 1769 ‘tu
472 1705 610 1789 quidem
633 1727 687 1770 me
709 1703 872 1789 fefellisti,
904 1705 964 1770 sed
994 1712 1110 1770 tamen
1133 1704 1233 1768 aliam
1256 1703 1353 1768 inve-

179 1810 274 1874 niam
294 1809 505 1878 fideliorem'.
537 1811 625 1880 Nam
647 1833 690 1876 ne
712 1811 822 1876 multa
840 1811 946 1878 verba
968 1809 1099 1894 faciam,
1122 1833 1237 1876 nonne
1252 1832 1353 1876 voces

181 1920 213 1996 ‘e
234 1917 351 1982 multis
379 1915 571 1982 fallacibus'
594 1917 720 1982 maiore
743 1940 827 1983 sono
855 1917 1098 2004 pronuntiatae
1130 1916 1230 1982 sunt?
1274 1918 1353 1983 Non

164 2021 430 2089 'sententiarum
447 2024 639 2090 consecutio
656 2032 690 2089 et
706 2031 878 2092 structura
892 2025 976 2090 haec
996 2025 1078 2090 est?:
1110 2025 1206 2091 Haeo
1221 2023 1353 2090 mereo?

181 2130 279 2198 dabis
300 2130 387 2197 mihi
408 2153 544 2218 poenas.
589 2131 637 2196 Et
660 2131 758 2196 nobis
781 2131 895 2216 aliquo
919 2139 1044 2197 ventus
1068 2131 1142 2197 erit.
1174 2132 1352 2198 Inveniam

180 2259 200 2302 θ
231 2237 348 2301 multis
380 2235 558 2301 fallacibus
595 2237 615 2302 i.
644 2259 670 2304 e.
699 2260 904 2322 quamquam
935 2239 1063 2303 multae
1095 2245 1175 2303 sunt
1206 2237 1352 2321 fallaces,

179 2350 295 2408 tamen
326 2366 438 2410 unam.
466 2381 511 2412 ,-
538 2345 736 2432 Propertius
768 2345 841 2431 ipse
872 2344 964 2410 hunc
995 2345 1183 2432 particulae
1211 2345 1351 2410 ‘tamen’

180 2472 279 2515 usum
302 2457 438 2515 secutus
462 2457 513 2514 est
532 2450 587 2514 III
612 2457 662 2534 25,
687 2457 727 2516 10

208 2595 213 2603 ·
293 2557 378 2624 ‘Nec
400 2563 517 2630 tamen
539 2557 628 2622 irata
649 2557 752 2626 ianua
774 2556 884 2622 fracta
906 2559 1032 2623 manu’.
1128 2619 1130 2624 .

180 2663 247 2732 ie.
269 2664 317 2729 Et
339 2664 442 2728 ianua
464 2670 581 2728 tamen
602 2686 673 2730 non
694 2663 804 2736 fracta
827 2687 944 2749 manu,
969 2665 1124 2750 quamvis
1146 2665 1235 2730 irata
1257 2673 1374 2730 esset„

269 2769 327 2838 Ad
359 2769 628 2856 intellegendam
658 2771 862 2858 particulam
893 2795 941 2839 vs.
963 2771 1018 2836 ΙΠ
1048 2779 1102 2856 11,
1127 2777 1165 2837 51
1202 2771 1354 2857 ‘Fugisti

181 2883 297 2942 tamen
321 2878 359 2946 ..'
398 2900 446 2942 vs.
471 2883 511 2944 41
538 2876 640 2942 ‘Ausa
662 2877 738 2944 Iovi
762 2931 792 2946 ..
816 2901 986 2966 opponere
1008 2877 1169 2944 Anubim'
1193 2877 1353 2944 adhibea-

180 2991 239 3049 tur
261 3007 396 3050 necesse
420 2991 478 3050 est.
524 2985 568 3050 In
590 3007 638 3050 vs.
661 2983 716 3050 ΠΙ
741 2991 790 3070 16,
817 2993 855 3052 11

294 3091 374 3156 ‘Neo
397 3097 513 3156 tamen
537 3097 588 3156 est
612 3092 802 3177 quisquam,
827 3115 938 3160 sacros
962 3093 1022 3176 qui
1043 3089 1156 3156 laedat
1180 3092 1352 3158 amantes'.

182 3197 244 3262 sub
277 3197 518 3264 coniunctione
537 3197 750 3263 subicienda
788 3205 840 3263 est
871 3197 1044 3263 sententia
1075 3197 1252 3274 ‘Quamvis
1284 3219 1354 3263 nox

181 3310 345 3372 terrorem
360 3304 458 3370 nobis
473 3302 622 3369 inferat'.
646 3305 738 3381 Quid
753 3304 820 3369 sibi
836 3305 921 3369 velit
936 3305 1104 3391 particula
1126 3327 1175 3372 vs.
1190 3305 1226 3368 H
1243 3312 1293 3387 33,
1310 3309 1350 3369 41

294 3411 409 3476 ‘Nulla
427 3418 548 3476 'tamen
570 3411 659 3478 lecto
682 3411 805 3498 recipit
829 3433 864 3476 se
887 3410 957 3477 sola
979 3410 1148 3475 libenter’.
1175 3455 1180 3471 ,

183 3517 308 3583 docent
331 3540 379 3602 ea,
402 3540 489 3602 quae
511 3517 594 3583 inde
617 3541 637 3584 a
659 3541 707 3586 vs.
725 3525 765 3584 23
790 3505 974 3604 praemissa
989 3525 1077 3584 sunt.
1115 3517 1256 3582 Illarum
1279 3539 1354 3581 sen·

183 3624 369 3700 tentiarum
391 3647 499 3692 nexus
522 3624 579 3688 hio
607 3646 677 3690 esse
700 3623 853 3692 videtur:
887 3624 1099 3710 Quamquam
1121 3623 1207 3692 mihi
1222 3623 1353 3711 copiam

181 3730 236 3802 tui
257 3753 329 3800 non
351 3729 444 3815 facis,
468 3739 583 3797 tamen
605 3731 692 3796 illud
711 3733 789 3816 scio,
814 3733 943 3798 nullam
965 3733 1114 3820 puellam
1137 3739 1220 3817 etsq.
1258 3732 1353 3819 Ergo

181 3837 282 3930 rebus
306 3860 346 3902 aa
367 3836 576 3926 temporibus
601 3837 692 3905 cedo.
721 3839 802 3927 Ap.
826 3841 926 3927 Prop.
947 3839 1002 3904 ΙΠ
1025 3847 1054 3923 5,
1079 3845 1098 3905 3

293 3944 403 4014 ‘Pacis
425 3947 533 4010 Amor
556 3945 639 4012 deus
663 3953 722 4030 est,
746 3969 864 4033 pacem
886 3969 1090 4014 veneramur
1112 3953 1272 4012 amantes.
1373 3994 1376 4000 ,

293 4053 396 4118 Stant
419 4052 505 4116 mihi
528 4075 605 4118 cum
629 4053 767 4119 domina
789 4054 918 4141 proclia
942 4053 1027 4118 dura
1049 4076 1130 4118 mea.

210 4213 212 4223 ,
293 4159 364 4226 Nec
387 4165 503 4229 tamen
525 4159 638 4228 inviso
660 4167 780 4248 pectus
804 4161 889 4225 mihi
912 4160 1065 4247 carpitur
1087 4182 1168 4225 auro
1193 4160 1230 4225 ..'

271 4264 463 4353 Hauptium
485 4266 746 4353 Vahleuumque
768 4289 830 4354 pro
854 4267 975 4332 vocula
999 4267 1130 4332 ‘tamen'
1154 4265 1354 4333 adverbium
