3008 4928
676 233 893 328 -267

193 401 395 468 adverbium
418 401 523 466 ‘Jam’
548 403 586 467 10
608 402 764 468 voculam
787 402 900 467 ‘Nam'
925 400 1118 484 mutaverit,
1141 399 1271 464 nullam
1291 420 1370 464 cau·

192 531 266 574 sam
287 509 463 596 perspicio.
509 509 626 595 Atque
649 509 753 574 etiam
780 509 898 574 addita
925 508 1096 574 sententia
1119 505 1220 571 ‘Nam
1244 557 1274 570 ..
1298 529 1369 571 am-

193 615 297 702 plexu
328 621 447 680 votum
479 615 655 702 persolvit’
689 623 777 681 00000
809 615 929 698 otiosa,
961 614 1121 699 quoniam
1143 615 1242 701 Prop.
1276 613 1368 678 idem

181 721 392 808 explicaret,
428 721 520 807 quod
552 723 619 786 iarn
651 729 753 786 antea
780 720 895 787 verbis
923 721 1135 808 ‘compressa’
1170 727 1205 786 00
1236 720 1367 785 ‘latices

194 849 272 892 cum
302 826 421 894 ferret'
455 829 672 915 exposuisset.
727 829 766 894 si
797 835 914 893 autem·
943 827 1144 892 adverbium
1180 827 1273 891 ‘iam’
1306 849 1366 892 sno

182 934 266 999 ¹loco
289 941 414 1018 manet,
438 935 646 1000 celeritatem
669 933 794 1021 agendi
821 941 855 998 00
879 933 1032 998 subitum
1053 934 1254 1000 miraculum
1271 935 1366 998 lucu-

191 1041 286 1105 lente
317 1041 507 1126 significari
537 1043 701 1107 videmus.
748 1041 847 1118 Quod
875 1048 910 1105 et
932 1040 1182 1122 Lachmannus‚
1206 1061 1366 1126 cumpro

194 1147 255 1211 ‘at'
271 1147 427 1212 voculam
443 1149 503 1212 ‘et'
520 1147 692 1231 scriberet,
708 1169 782 1212 meo
798 1147 925 1212 iudicio
942 1146 1061 1228 sensit;
1078 1153 1193 1211 tamen
1207 1146 1365 1210 inutilem

190 1251 297 1317 fuisse
320 1253 414 1317 illam
436 1255 661 1320 mutationem
684 1261 719 1318 et
734 1276 861 1337 causae,
878 1276 964 1338 quae
980 1275 1082 1341 supra
1098 1257 1186 1340 (pag.
1205 1258 1260 1338 16)
1284 1261 1365 1318 sunt

191 1360 322 1442 allatae,
347 1360 570 1449 comprobant
594 1369 628 1426 00
650 1361 743 1426 locus
767 1361 865 1426 Ovid.
888 1361 969 1425 Met.
993 1360 1012 1423 Ι
1036 1365 1099 1424 283

300 1466 389 1553 ‘Ipse
412 1466 563 1532 tridente
586 1490 646 1532 suo
669 1474 796 1533 terram
818 1468 996 1553 percussit:
1020 1473 1056 1530 at
1079 1465 1139 1530 illa

298 1573 485 1639 intremuit
508 1581 671 1659 motuque
694 1575 766 1640 vias
790 1573 954 1661 patefecit
976 1573 1161 1660 aquarum’.

270 1786 302 1854 Ε.
349 1787 393 1855 iis
417 1788 697 1856 coniunctionibus
722 1788 996 1858 conditionalibus
1020 1788 1288 1857 010000000νὶ0.

181 1923 183 1930 ⁴
283 1933 310 1993 1.
357 1927 449 2004 Quid
475 1929 514 1993 in
542 1928 613 1994 cod.
641 1929 745 2016 Neap.
774 1929 910 2015 legatur
937 1930 1069 2001 ratione
1096 1929 1225 2013 habita,
1254 1929 1365 1994 Lach-

189 2056 334 2099 mannus
365 2041 485 2121 poetae
516 2034 622 2100 verba
649 2058 809 2123 prospera
837 2037 1031 2102 coniectura
1058 2044 1229 2101 assecutus
1254 2037 1364 2100 00010

181 2141 434 2224 'mffldss

298 2245 412 2323 ‘Quod
435 2247 520 2312 mihi
543 2248 571 2312 si
595 2271 613 2313 0
636 2255 735 2314 tanto
759 2247 843 2313 felix
866 2249 1047 2314 concordia
1068 2249 1157 2313 bello

297 2353 559 2441 Extiterit‚'per
581 2377 644 2438 me,
667 2355 854 2442 Lygdame‚
878 2356 965 2421 liber
989 2357 1074 2421 eris’.

280 2459 368 2524 Nam
394 2461 575 2526 lectionem
607 2461 712 2546 ‘quod
739 2462 825 2526 mihi
852 2462 892 2526 si'
921 2461 1087 2550 praebent
1115 2461 1256 2545 codices,
1280 2484 1363 2547 quos

190 2565 364 2631 Baehrens
396 2567 512 2632 litter'a
545 2567 572 2634 O
605 2567 747 2633 notavit.
802 2567 931 2632 Tamen
954 2568 1097 2633 Mueller
1128 2568 1220 2632 illius
1253 2568 1364 2632 critici

190 2673 361 2738 sententia
382 2673 420 2737 10
444 2673 586 2738 dubium
609 2681 730 2739 vocata
745 2675 822 2739 ideo
839 2675 974 2762 scripsit
996 2675 1182 2759 ι0100001οζ
1200 2674 1280 2760 quia
1295 2697 1364 2739 non

190 2787 377 2867 appareret,
402 2803 462 2844 cur
478 2781 586 2845 ‘mihi'
602 2782 716 2868 potius
734 2781 875 2847 dixisset
890 2782 1095 2870 Propertius,
1112 2805 1213 2868 quam
1229 2780 1363 2846 ‘nobis’.

190 2884 240 2950 At
271 2887 301 2950 si
331 2894 465 2974 poetae,
497 2895 658 2952 tamenne
691 2885 862 2974 Cynthiae
894 2888 1075 2954 concordia
1106 2888 1365 2954 reconciliatur?

189 2993 270 3058 Huc
301 2993 441 3078 accedit,
472 3001 512 3058 00
538 2995 748 3081 Propertius,
781 3017 852 3059 non
883 2995 1008 3081 puella,
1039 2994 1234 3060 libertatem
1265 3018 1363 3061 servo

189 3097 296 3164 fuerit
314 3107 493 3187 paraturus
508 3123 613 3185 eaque
628 3100 671 3165 de
686 3123 784 3165 causa
798 3101 964 3187 singulari
977 3123 1116 3166 numero
1130 3101 1184 3166 uti
1196 3103 1363 3168 maluerit.

190 3205 350 3290 Denique
379 3207 525 3272 elocutio
550 3207 663 3284 ‘Quod
685 3207 770 3272 mihi
793 3209 834 3272 si'
858 3209 897 3272 in
921 3209 1069 3273 carmine
1092 3208 1129 3273 H
1153 3216 1193 3273 26
1218 3209 1364 3273 eundem

190 3312 303 3378 locum
326 3313 469 3379 obtinet.
1070 3323 1072 3328 ’

281 3429 309 3486 2.
347 3421 474 3486 Lexica
498 3421 621 3487 docent
644 3423 860 3509 Propertium
883 3421 1063 3488 formulam
1086 3423 1128 3488 ‘si
1148 3422 1261 3487 modo'
1286 3444 1363 3486 cum

190 3527 410 3594 coniunctivc
435 3529 607 3616 copulasse
630 3529 648 3592 Ι
673 3536 722 3612 18,
748 3537 766 3593 4

297 3633 378 3698 ‘Hic
400 3635 482 3700 licet
506 3636 655 3700 occultos
679 3634 830 3722 proferre
853 3635 994 3722 impune
1017 3635 1156 3720 dolores,

297 3741 335 3806 Si
357 3741 458 3806 modo
481 3743 551 3807 sola
575 3749 702 3828 queant
724 3765 804 3806 saxa
826 3749 943 3807 tenere
965 3742 1089 3808 fidem’.

279 3849 384 3913 Cuius
399 3850 449 3914 rei
465 3850 544 3934 quia
559 3872 670 3934 neque
686 3849 839 3936 Draeger
853 3873 964 3936 neque
973 3850 1139 3915 Kuehner
1152 3849 1362 3914 mentionem

187 3953 354 4038 fecerunt,
378 3956 521 4021 aliorum
542 3963 720 4044 poetarum
744 3957 896 4044 exempla
919 3979 958 4022 00
983 3957 1090 4044 magis
1107 3956 1253 4040 afferam,
1270 3955 1362 4041 quod

189 4061 306 4126 eadem
315 4061 466 4146 Bachi'r1)
482 4063 696 4147 sententiam,
712 4061 771 4128 illo
785 4087 850 4128 000
861 4071 1016 4152 optatum
1030 4063 1183 4148 indicari,
1199 4062 1363 4128 refutant.

279 4259 300 4326 ¹)
319 4255 372 4310 cfr.
392 4256 476 4322 Raab,
497 4255 577 4310 Ovid.
597 4257 709 4312 Metam.
728 4257 766 4311 XI
784 4259 845 4312 452.
