3008 4928
632 245 852 302 ..53-

268 414 538 502 Virgineumque
562 437 645 480 cavo
668 415 821 502 protegit
844 437 920 480 aere
944 421 1055 502 caput,

269 521 386 599 Qualis
409 520 658 588 Amazonidum
682 572 689 584 .
709 573 715 585 .
739 520 861 586 bellica
885 572 915 585 ..
934 520 1041 587 turba
1063 521 1199 586 lavatur
1222 520 1327 606 aquis,

268 629 316 694 Et
330 627 431 694 modo
448 628 595 716 'l'aygeti
611 679 618 692 .
635 679 641 692 .
666 627 825 693 Sectatur
839 628 968 715 patrios
983 650 1044 716 per
1058 627 1161 714 iuga.
1178 678 1185 690 .
1202 628 1322 692 canes'.

155 735 228 820 ubi,
262 758 346 802 voce
378 735 505 801 ‘modo'
538 735 576 800 in
608 733 787 800 sententiis
821 734 967 822 ‘Gyrum
998 734 1125 821 pulsat’
1158 741 1193 799 et
1225 735 1327 799 ‘latus

155 841 314 908 revincit’
356 843 529 930 suppleta,
568 841 784 907 enuntiatum
828 841 945 918 Qualis
984 863 1073 925 sqq.,
1116 862 1194 904 cum
1231 863 1327 927 prse-

155 949 273 1014 sertim
294 956 435 1037 propter
460 947 604 1014 verbum
632 947 792 1013 ‘lavatur'
819 937 1053 1035 praecedentis
1081 969 1203 1012 versus·
1226 969 1327 1034 argu-

155 1062 307 1121 mentum
334 1053 492 1120 omnibus
518 1054 674 1142 partibus
701 1075 772 1120 non
799 1053 961 1138 illustret,
992 1053 1189 1141 parenthesi
1217 1053 1327 1119 inclu-

156 1162 305 1227 dendum
328 1169 388 1227 est.

246 1268 321 1346 Qua
344 1291 386 1332 ex
409 1267 608 1354 quaestione
632 1267 716 1353 quid
740 1267 865 1334 ‘modo’
889 1267 1058 1355 particula
1085 1268 1189 1333 semel
1215 1267 1327 1355 posita

156 1375 221 1440 sibi
244 1375 341 1458 velit,
374 1375 576 1462 cognoveris
599 1397 710 1460 neque
733 1375 926 1440 assentieris
949 1375 1137 1458 Kuttnero,
1165 1375 1226 1461 qui
1253 1398 1327 1441 cam

154 1481 198 1548 ed
221 1481 427 1570 explendum
443 1503 580 1547 versum
602 1505 623 1546 a
644 1489 746 1569 poeta
770 1481 959 1548 adhibitam
982 1505 1053 1547 esse
1077 1483 1294 1549 existimavit.

243 1588 524 1654 Vioissitudinem
538 1589 784 1675 particularum
801 1589 861 1654 ‘Et
875 1588 975 1655 modo
991 1627 1034 1638 -
1050 1588 1151 1654 modo
1169 1627 1209 1638 —
1226 1589 1325 1655 nunc’

154 1697 308 1782 Draeger
330 1695 573 1784 praetermisit:
596 1696 685 1762 Pr.1
710 1703 738 1781 3,
763 1703 813 1762 21.
852 1697 913 1764 Ov.
928 1697 1010 1794 Met.
1026 1697 1077 1762 VI
1094 1703 1166 1762 663.
1199 1695 1236 1760 X
1254 1701 1325 1760 187.

153 1802 233 1868 Alia
255 1802 496 1869 adverbiorum
518 1803 686 1870 varietate
708 1803 844 1890 insigna
867 1811 919 1869 est
942 1803 1160 1869 enuntiatum
1182 1802 1200 1866 I
1224 1809 1259 1886 3,
1283 1807 1323 1867 41

155 1910 267 1976 ‘modo
283 1949 326 1958 -
343 1932 458 1976 rursus
475 1918 510 1975 et
529 1948 568 1958 —-
584 1909 780 1994 interdum’⁷
800 1910 893 1996 quod
908 1911 1061 1997 Draeger
1077 1911 1199 1976 omissa
1214 1909 1327 1974 ‘inter-

156 2015 247 2082 dum’
272 2039 356 2082 voce
378 2039 449 2083 non
472 2025 629 2082 accurate
652 2016 815 2082 laudavit.

243 2123 353 2208 Idem,
382 2123 462 2209 quia
485 2123 642 2188 Handius
665 2145 735 2189 non
759 2125 923 2190 attulerat
946 2125 1111 2211 exempla,
1140 2129 1327 2188 commotus

157 2253 226 2295 esse
258 2229 344 2296 mihi
375 2230 525 2314 videtur,
557 2239 597 2295 ut
625 2230 901 2296 'consecutionem
929 2230 1042 2297 ‘modo
1065 2269 1108 2280 -—
1136 2229 1325 2295 interdum’

154 2336 282 2402 nemini
314 2337 383 2402 nisi
414 2337 576 2404 Sallustio
609 2337 821 2424 Horatioque
853 2338 1061 2404 concederet.
1111 2335 1161 2402 At
1177 2342 1327 2436 hpracter

153 2444 229 2510 illos
253 2444 435 2532 scriptores
457 2444 522 2510 hac
544 2442 691 2510 formula
714 2453 749 2510 et
764 2446 863 2532 Prop.
886 2467 966 2510 usus
987 2451 1039 2510 est
1060 2443 1097 2509 H
1115 2451 1164 2528 15,
1182 2452 1200 2508 5
1226 2443 1327 2508 ‘Nam

21 2609 22 2624 1
155 2551 254 2618 modo
278 2573 466 2617 ..mecum
494 2559 546 2617 est
570 2551 700 2616 luctata
722 2601 761 2615 ..
807 2551 986 2617 Interdum
1009 2602 1016 2615 .
1041 2603 1047 2616 .
1072 2551 1172 2616 duxit
1195 2605 1202 2617 .
1225 2601 1232 2614 .
1255 2571 1326 2614 mo-

21 2669 22 2672 ’
153 2659 236 2723 ram’
266 2666 301 2724 et
321 2658 419 2724 Ovid.
435 2659 516 2724 Met.
540 2659 576 2723 H
598 2665 661 2724 189
690 2659 752 2723 ‘Et
774 2659 874 2724 modo
988 2659 1157 2746 Prospicit
1180 2678 1325 2740 occasus,

21 2751 22 2796 l
153 2765 326 2831 interdum
357 2765 497 2853 respicit
530 2766 646 2831 ortus’.
692 2766 764 2831 Has
794 2766 932 2832 voculas
964 2765 1055 2830 idem
1087 2773 1188 2852 poeta
1219 2763 1326 2830 vertit

154 2872 207 2936 Tr.
231 2871 268 2936 H
292 2879 364 2938 269.
1280 2887 1281 2892 ’

197 2983 200 2989 ’
243 2986 271 3043 5.
309 2979 528 3064 Elegantiam
552 2979 714 3045 orationis
739 2979 904 3066 poeticae,
933 3001 1019 3064 quae
1046 2977 1247 3044 observatur
1277 3000 1325 3043 vs.

155 3085 266 3168 1125,
292 3093 332 3150 16
787 3165 790 3171 .
831 3155 833 3160 χ

266 3192 403 3258 ‘teritur
421 3191 582 3279 rubigine
604 3215 720 3258 mucro
736 3193 882 3258 Ferreus
906 3200 941 3256 et
956 3213 1063 3279 parvo
1079 3213 1179 3278 saepe
1193 3191 1325 3276 liquore

1006 3297 1112 3362 silex'.

242 3405 397 3470 Kuttner
413 3408 457 3493 (p.
475 3410 529 3489 60)
546 3406 711 3492 cognovit
727 3406 873 3491 quidem,
897 3404 957 3470 sed
972 3405 1141 3470 rationem
1157 3427 1326 3491 exponere

154 3533 223 3576 non
246 3511 387 3578 studuit.
434 3513 613 3578 Simillime
636 3521 751 3578 autem
774 3519 894 3578 noster‘
911 3513 1045 3578 locutus
1069 3519 1121 3577 est
1143 3512 1161 3575 Ι
1186 3518 1213 3595 3,
1237 3519 1279 3576 44

146 3653 147 3658 1
265 3618 456 3684 ‘Interdum
479 3619 603 3684 leviter
625 3631 760 3684 mecum¹
781 3619 915 3684 deserta
938 3617 1105 3704 querebar
1210 3644 1212 3650 ’

263 3725 417 3790 Externc
440 3725 560 3812 longas
584 3747 683 3813 saepe
706 3726 745 3789 in
768 3747 880 3790 amore
904 3725 1035 3790 moras⁷.

154 3853 220 3924 quo
243 3832 326 3916 icoc,
350 3854 427 3896 oum
443 3831 596 3918 Cynthia
618 3855 688 3898 non
710 3841 781 3897 tam
798 3833 929 3918 ‘longas
953 3854 1052 3920 saepe
1067 3831 1200 3915 moras’‚
1224 3853 1326 3916 quam

154 3942 277 4004 ‘moras
299 3938 401 4026 ipsas’
425 3939 580 4025 graviter
602 3937 704 4022 ferat,
732 3939 887 4025 figura‘a
909 3939 1142 4024 grammaticis
1165 3936 1243 4024 brptv
1266 3960 1325 4004 vo·

153 4054 229 4111 cata
252 4045 407 4110 adhibita
430 4053 489 4110 est.
529 4045 728 4111 Cuiusmodi
750 4046 849 4129 locos,
873 4068 892 4109 c
915 4044 1039 4130 quibus
1056 4045 1215 4133 depromo
1238 4043 1325 4108 illud

153 4151 221 4217 (lic.
239 4151 281 4216 de
297 4160 366 4217 nat.
383 4151 414 4216 d.
431 4152 466 4216 H
484 4159 525 4216 66
550 4152 712 4239 ‘ipsorum
733 4151 873 4217 deorum
889 4173 988 4238 saepe
1005 4149 1207 4237 (oftmalige)
1229 4173 1325 4238 prae-

153 4258 296 4324 sentiae’
320 4259 473 4344 Draeger
496 4259 514 4322 I·
536 4282 567 4346 p.
587 4265 647 4324 631
674 4258 821 4344 collegit.
