3008 4928
651 303 849 364 „4-

254 481 282 540 6.
313 474 357 540 ln
378 473 548 562 particula
570 473 631 540 ‘et'
655 472 816 542 maiorem
838 471 910 540 vim
932 472 1050 556 inesse,
1073 478 1114 540 ut
1133 470 1178 540 ad
1200 493 1335 538 accura-

163 582 233 648 tius
267 580 565 670 interpretandum
602 580 809 646 elocutiones
846 583 894 646 ‘et
925 579 1053 648 tamen’
1088 582 1137 646 ‘et
1168 567 1335 666 profectc’

163 688 316 774 aliaeque
339 687 411 756 sint
436 685 658 772 adhibendae,
681 694 803 754 notum
826 685 919 774 6611)

252 795 296 860 In
318 818 366 860 vs.
381 794 433 860 IV
457 802 485 879 4,
511 801 551 860 63
576 793 728 859 ‘Etiam
751 801 873 880 quarta
896 793 991 859 canit
1013 799 1196 860 venturam
1210 791 1337 858 bucina

163 902 285 970 lucem'
311 901 345 988 (i.
361 924 387 966 e.
410 901 525 966 Ε1-
548 923 632 967 ecce.
670 900 792 968 Baehr.
816 902 903 967 male
928 899 998 966 ‘En
1020 899 1114 988 iam’)
1137 900 1177 966 L.
1192 883 1337 966 Mueller

164 1033 207 1076 ex
221 1007 454 1074 Luctiohanni
476 1009 606 1095 (comm.
621 1009 676 1074 Pr.
699 1031 731 1098 p.
749 1010 803 1095 17)
827 1007 1023 1074 coniectura
1046 1007 1129 1074 ‘Sed
1152 1006 1231 1074 iam’
1256 1005 1337 1072 scri-

164 1115 249 1181 bens
277 1115 440 1182 sibinen
467 1114 636 1198 constitit,
669 1114 831 1200 quoniam
853 1113 1067 1186 Lachmanni
1095 1113 1338 1180 correctionem

165 1222 405 1311 repudiaverat
436 1221 476 1286 in
498 1243 601 1288 versu
623 1221 659 1286 H
684 1228 734 1306 30,
760 1227 798 1288 11
833 1221 967 1288 ‘tollere
1000 1242 1178 1306 nunquam
1205 1219 1337 1308 (Amor)

272 1329 319 1394 Te
342 1329 494 1417 patietur
515 1328 618 1394 humo
641 1328 771 1394 lumina
794 1335 893 1415 capta
915 1328 1026 1394 semel

272 1435 341 1502 Sed
364 1435 432 1500 iam
455 1435 484 1500 si
506 1457 634 1523 pecces,
658 1434 740 1501 deus
765 1434 944 1500 exorabilis
968 1434 1080 1500 illest'.

255 1543 330 1620 Quo
346 1542 383 1606 in
399 1541 578 1608 enuntiato
595 1541 752 1606 codicum
766 1542 949 1608 lectionem
964 1541 1024 1606 ‘Et
1039 1541 1119 1606 iam'
1143 1540 1165 1608 i.
1181 1563 1208 1606 e.
1225 1539 1281 1608 ‘Et
1298 1579 1338 1590 -

166 1649 292 1716 tamen'
303 1647 507 1714 servandam
523 1670 594 1714 esse
610 1653 691 1712 ante
707 1646 1019 1732 msHertabergius
1036 1645 1221 1713 affirmavit
1236 1653 1339 1733 atque

166 1763 312 1841 utroque
327 1755 401 1820 loco
418 1754 573 1819 codicum
588 1754 774 1819 auctoritas
790 1753 832 1818 ab
845 1753 999 1840 Hauptio
1009 1753 1233 1839 Vahlencque
1248 1760 1340 1824 recte

168 1862 363 1947 observata,
394 1883 433 1928 eo
460 1861 628 1945 firmatur,
662 1860 755 1945 quod
781 1859 1000 1947 Propertium
1027 1859 1157 1945 ubique
1188 1860 1340 1947 posuisse

168 1970 229 2036 ‘Et
251 1969 330 2034 iam'
355 1967 592 2034 animadverti.
639 1965 824 2051 (111120,
849 1973 899 2034 19.
945 1967 982 2032 Π
1009 1974 1060 2051 28,
1085 1974 1140 2049 373
1165 1975 1216 2050 29,
1241 1975 1291 2035 20.

256 2075 387 2141 Eadem
409 2075 462 2141 vis
485 2074 673 2161 particulae
701 2075 761 2138 ‘et'
785 2074 824 2138 in
850 2073 1111 2161 percontatione
1140 2074 1261 2140 autin
1284 2096 1340 2140 ex-

169 2183 371 2250 clamatione
393 2181 524 2270 positae
539 2180 724 2246 tribuenda
747 2187 807 2246 est.
839 2181 973 2269 Propl
999 2187 1048 2264 15,
1074 2187 1113 2246 37
1139 2181 1200 2246 ‘Et
1223 2187 1341 2248 eontra

168 2312 331 2376 magnum
348 2295 446 2376 potes
461 2288 522 2354 hos
539 2288 688 2376 (ocellos)
711 2289 868 2354 attollere
891 2289 996 2355 solem
1013 2287 1086 2353 Nec
1108 2287 1252 2354 tremis‘d
1276 2287 1297 2356 i.
1314 2310 1341 2354 e.

168 2397 217 2462 Et
239 2435 283 2446 -
306 2403 430 2462 tamen.

169 2502 221 2568 IV
244 2511 273 2587 4,
298 2509 337 2568 17
386 2501 446 2566 ‘Et
469 2500 551 2566 satis
574 2523 642 2566 una
664 2501 772 2566 malae
795 2500 909 2589 potuit
931 2523 1021 2566 mors
1045 2524 1115 2566 esse
1138 2502 1279 2589 puellae,

438 2607 532 2686 Quae
553 2607 665 2674 voluit
687 2607 838 2674 flammas
860 2606 988 2692 fallere,
1011 2608 1125 2693 Vesta,
1148 2608 1256 2676 tuas?’

170 2716 191 2782 i.
208 2739 234 2782 e.
256 2716 305 2780 Et
328 2753 371 2764 -—
394 2712 556 2802 profecte.

259 2822 277 2886 I
302 2828 351 2905 17,
378 2826 394 2884 1
420 2821 633 2905 ιΕ11116111ο,
657 2821 819 2906 quoniam
840 2821 940 2909 potui
961 2821 1091 2909 fugisse
1114 2821 1275 2908 puellam!

170 2929 191 2992 i.
209 2951 235 2994 e.
264 2928 324 2993 ‘Et
350 2925 517 3015 profecto'
547 2928 732 3014 eademque
759 2929 927 3015 particula
951 2929 1179 3015 significatur,
1207 2935 1343 3016 poetam

172 3033 238 3100 alia
261 3033 423 3118 omisisse,
452 3057 539 3119 quae
566 3035 784 3122 praemittere
806 3041 929 3122 posset.
976 3034 1045 3100 Gfr.
1069 3058 1156 3121 quae
1179 3035 1222 3100 de
1244 3057 1343 3101 vcca-

170 3140 261 3206 bulis
277 3140 379 3226 ‘ergo’
397 3147 432 3205 et
448 3140 532 3206 ‘sed'
549 3140 694 3207 disserui
716 3165 747 3229 p.
765 3148 816 3208 22.
847 3142 909 3208 Ov.
926 3139 1001 3206 Am.
1017 3142 1072 3206 HI
1089 3149 1117 3226 8,
1136 3149 1152 3208 1
1177 3142 1237 3208 ‘Et
1253 3141 1343 3227 quis·
1372 3131 1375 3137 ¹

172 3269 275 3332 quam
296 3245 463 3332 ingenuas
487 3247 684 3312 etiamnunc
707 3248 851 3336 suscipit
873 3248 995 3314 artes?

260 3353 363 3438 1113,
389 3361 439 3420 33.
470 3354 551 3418 Her.
573 3354 718 3420 111115.
748 3355 830 3422 Μ61.
845 3355 899 3421 IX
925 3363 999 3422 203.
1030 3356 1193 3424 ΧΠ410.
1231 3356 1344 3444 Lygd.

173 3471 202 3545 4,
227 3469 255 3526 9.
287 3461 390 3547 Verg.
406 3461 492 3528 Aen.
509 3462 559 3529 VI
576 3469 648 3529 806.
680 3461 776 3529 Alios
795 3463 885 3530 locos
902 3463 1253 3552 vd.ap.Hand.Hp.
1271 3472 1345 3532 493.

172 3569 225 3633 De
248 3569 345 3655 Prop.
370 3590 418 3634 vs.
434 3567 471 3634 H
495 3575 588 3652 27,1
624 3570 684 3636 ‘Et
706 3592 767 3638 vcs
799 3570 977 3656 incertam,
1010 3573 1181 3658 mortales,
1214 3571 1344 3638 funeris

172 3674 291 3739 horam
314 3673 508 3751 Quaeritis'.
547 3675 716 3742 examines
739 3677 852 3758 velim,
876 3702 962 3764 quae
986 3679 1160 3766 disputavi
1181 3702 1213 3767 p.
1231 3685 1281 3746 18.

265 3788 292 3848 7.
323 3781 529 3848 Praesertim
543 3783 727 3869 negatione
742 3785 925 3871 praemissa
942 3786 1127 3852 contrarias
1148 3785 1344 3870 sententias,

175 3889 292 3973 quales
314 3887 415 3954 nobis
440 3913 510 3955 esse
538 3889 735 3974 videantur,
763 3891 818 3958 vel
845 3891 888 3958 ab
912 3893 1049 3979 optimis
1077 3893 1241 3958 sermonis
1268 3915 1345 3980 pro-

174 3995 256 4062 saici
288 3995 510 4083 scriptoribus
542 3997 730 4083 particulae
762 3997 976 4084 copulativae
1008 3999 1135 4066 auxilio
1166 3999 1345 4066 adiunctus

175 4125 247 4168 esse
278 4103 369 4168 inter
402 4125 516 4168 omnes
546 4111 689 4170 constat.
735 4104 800 4172 Oui
827 4105 990 4192 loquendi
1012 4107 1100 4172 mori
1124 4127 1200 4172 cum
1223 4113 1344 4195 poetae

265 4333 285 4403 1)
304 4332 359 4386 Cfr.
379 4331 579 4404 Naegelsbach,
598 4333 659 4390 Lat.
679 4334 799 4390 Stilistik
818 4337 878 4392 616.
