3008 4928
644 181 865 238 ..24-

170 349 318 414 sativam
341 349 548 414 sententiam
569 349 770 436 plerumque
795 347 900 414 habet
921 349 1044 414 vocula
1066 348 1238 433 ‘namque'
1266 346 1337 435 (cfr

169 455 189 520 1
212 463 263 539 20,
283 462 333 521 11.
365 455 402 519 Π
425 462 544 538 21,12.
575 454 630 519 ΠΙ
648 462 698 538 13,
716 462 766 521 11.
791 463 841 538 20,
866 463 917 520 21.
947 455 998 519 IV
1016 463 1043 538 1,
1068 462 1124 537 573
1150 460 1239 538 109);
1263 478 1347 520 cau-

169 585 241 627 sam
272 562 336 626 hac
367 561 536 648 particula
572 561 757 626 indicatam
793 562 913 626 inveni
948 562 985 626 II
1008 570 1063 645 25,
1088 569 1139 626 31.
1178 563 1230 627 IV
1255 569 1287 646 7,
1311 570 1343 628 3.

169 669 235 734 Illa
256 667 508 754 argumentatio
535 668 592 732 vel
619 668 801 755 explicatio
828 668 1110 754 interrogationis
1137 669 1238 755 signo
1261 691 1345 735 con-

170 776 307 862 signata
330 781 381 839 est

170 901 175 908 ¹
282 881 378 964 114,
403 887 443 946 15
478 880 579 945 ‘Nam
603 881 678 966 quis
703 880 834 945 divitiis
859 881 1001 946 adverso
1033 881 1162 968 gaudet
1183 881 1344 948 Amore?'

168 988 262 1072 111,
287 995 337 1053 13.
372 995 426 1072 13,
451 995 502 1054 43.
547 987 601 1052 ΠΙ
636 995 668 1070 1,
692 995 743 1052 23.
788 987 839 1053 IV
863 995 896 1071 3,
921 994 972 1053 31.
1030 988 1084 1052 De
1115 1011 1163 1053 vs.
1188 989 1207 1052 Ι
1230 995 1264 1071 3,
1289 995 1328 1053 31

172 1095 209 1160 Π
232 1101 283 1178 33,
308 1101 326 1159 3
350 1093 406 1159 vd.
429 1091 529 1158 infra.

264 1207 292 1265 7.
323 1200 379 1265 Ab
402 1199 604 1283 11131331311,
627 1198 751 1285 quibus
767 1200 870 1264 ‘nam'
887 1201 1084 1267 coniunctio
1103 1201 1234 1266 indicat
1248 1223 1346 1287 prae-

175 1307 381 1390 teritionem,
404 1306 661 1372 internoscendi
683 1315 773 1372 sunt.
810 1307 861 1372 IV
885 1316 913 1390 8,
938 1314 979 1372 38

285 1414 414 1480 ‘Serica
436 1436 516 1478 nam
539 1421 683 1479 taceo..
707 1421 869 1500 carpenta
891 1414 1048 1501 nepotis'.
1088 1422 1117 1496 2,
1141 1421 1181 1478 41

284 1521 384 1585 ‘Nam
407 1520 491 1605 quid
514 1543 578 1606 ego
602 1520 754 1604 3111313111,
778 1520 821 1585 de
844 1543 912 1604 quo
926 1520 1013 1585 mihi
1027 1521 1174 1584 maxima
1188 1518 1344 1584 famast?'

172 1627 226 1693 ΠΙ
243 1635 293 1711 19,
316 1634 366 1692 17.
406 1627 505 1705 Quod
527 1627 572 1692 ad
594 1627 683 1691 hane
704 1626 868 1712 loquendi
891 1627 1170 1692 consuetudinem
1191 1625 1345 1691 revocari

172 1757 308 1800 necesse
331 1741 390 1817 est,
415 1734 633 1799 enuntiatum
655 1733 709 1797 HI
734 1739 784 1816 11,
809 1740 848 1798 27

285 1841 386 1906 ‘Nam
409 1840 493 1926 quid
517 1862 581 1926 ego
596 1839 724 1923 heroas,
748 1839 832 1924 quid
847 1847 979 1927 raptem
1001 1840 1040 1904 in
1056 1840 1199 1904 crimina
1214 1839 1345 1904 divosr'

172 1947 476 2033 interrogationem
490 1947 645 2011 Kuttner
660 1946 806 2033 putavit.
833 1945 884 2010 At
897 1954 1136 2034 praeterquam
1151 1945 1244 2031 quod
1258 1945 1346 2010 nihil

173 2054 248 2120 veri
270 2053 342 2117 illic
366 2053 549 2138 quaeritur,
574 2052 667 2117 docti
690 2052 802 2116 adhuc
825 2051 1012 2138 ambigunt,
1035 2059 1152 2118 utrum
1171 2053 1345 2139 Vergilius

174 2160 380 2226 comicorum
394 2181 523 2225 morem
539 2158 675 2223 dicendi
692 2165 836 2242 secutus,
859 2157 1039 2224 formulam
1063 2163 1155 2224 ‘nam
1178 2160 1266 2245 quis’
1282 2181 1347 2247 pro

173 2267 355 2353 ‘quisnam’
384 2273 472 2332 teste
496 2265 617 2332 Servio
644 2267 875 2354 usurpaverit,
903 2289 948 2332 au
972 2266 1167 2354 explicandi
1189 2267 1285 2332 notio
1308 2267 1346 2331 in

173 2373 300 2439 causali
322 2372 563 2438 coniunctione
587 2374 761 2456 33131311)
792 2373 912 2458 Neque
927 2395 1008 2438 vero
1032 2396 1103 2438 non
1124 2373 1241 2438 mirari
1255 2373 1347 2457 licet,

172 2479 386 2546 Kuttnerum
409 2479 461 2543 illi
477 2479 629 2566 exemplo
653 2502 700 2544 vs.
724 2479 787 2562 13,
805 2487 845 2544 37
872 2487 906 2544 31
929 2479 1032 2564 1132,
1051 2487 1069 2544 3
1093 2501 1163 2545 11311
1185 2479 1347 2544 adnume-

172 2610 271 2671 rasse,
291 2586 352 2651 ubi
367 2585 536 2673 particula
552 2585 694 2650 causalis
709 2585 795 2650 mihi
810 2585 949 2670 quidem
964 2583 1204 2650 difficultatem
1219 2585 1347 2650 attulit

173 2695 358 2778 Postquam
380 2715 506 2757 nexum
530 2692 659 2757 diutius
682 2714 814 2757 mecum
829 2692 992 2776 volutavi,
1015 2693 1100 2758 mihi
1118 2692 1278 2780 persuasi,
1300 2715 1347 2757 ne

172 2799 222 2866 ibi
259 2798 397 2884 quidem
427 2798 730 2884 interrogationem
762 2821 782 2862 a
815 2797 1056 2863 coniunctione
1093 2798 1221 2862 induci.
1268 2799 1347 2885 Ipse

174 2905 297 2970 iudica.
320 2961 322 2964 .
950 2917 952 2922 '

286 3010 450 3075 ‘Tandem
472 3018 559 3076 te..
582 3011 760 3075 iniuria..
783 3011 975 3076 alterius..
1000 3011 1132 3098 expulit
1155 3035 1174 3076 3
1196 3010 1348 3078 foribus?

285 3117 440 3202 Namque
463 3115 525 3182 ubi
547 3117 650 3202 longa
672 3139 767 3182 meae
790 3117 1000 3204 consumpsti
1022 3124 1175 3204 tempora
1197 3118 1309 3184 1133113

284 3223 486 3309 Languidus
510 3223 638 3288 exactis
660 3223 718 3288 hei
740 3223 826 3292 mihi
848 3223 1048 3288 sideribusl’

173 3331 194 3396 i.
211 3353 238 3395 3.
261 3352 340 3394 nam
362 3336 398 3394 te
422 3352 440 3394 e
464 3329 604 3394 alterius
626 3327 758 3395 foribus
782 3329 960 3417 expulsum
983 3353 1054 3394 esse
1072 3330 1154 3394 inde
1170 3352 1347 3417 cognosco,

174 3436 266 3527 quod
288 3435 471 3521 languidus
494 3458 586 3500 nunc
602 3435 738 3500 demum
761 3436 805 3500 311
823 3459 877 3501 me
893 3437 1029 3501 venisti.
1061 3436 1156 3503 ‘Ubi'
1172 3444 1271 3503 verto
1293 3459 1346 3504 wo

174 3551 277 3610 sonst.
315 3543 414 3608 Alter
441 3544 534 3610 locus
562 3552 613 3610 est
641 3543 739 3609 ‘facti
765 3545 897 3609 lumina
924 3545 1053 3610 crimen
1075 3544 1213 3609 habent.
1259 3544 1347 3609 Nam

175 3649 260 3736 quid
282 3650 460 3715 Praenesti
483 3702 490 3715 .
511 3701 518 3714 .
542 3657 663 3735 sortes,
697 3650 788 3728 Quid
820 3651 908 3738 petis
933 3701 940 3714 .
962 3701 968 3714 .
991 3650 1127 3716 moenia
1149 3649 1346 3736 Telegorri?'

174 3757 238 3822 ie.
261 3778 341 3819 nam
363 3755 430 3820 nisi
453 3756 497 3820 ad
519 3757 586 3822 1313
608 3757 683 3821 1333
705 3764 741 3822 13
765 3755 943 3840 conferres,
966 3779 1065 3822 nemo
1086 3763 1121 3822 13
1137 3756 1347 3844 conspiceret

174 3884 287 3948 neque
310 3861 354 3926 ad
376 3862 588 3949 peccandum
610 3863 809 3929 sollicitaret
833 3867 952 3947 (val).

264 3967 352 4032 Inde
366 3969 564 4057 Propertius
580 3970 696 4058 pergit
719 3970 808 4036 ‘Hoc
830 3970 964 4036 utinam
978 3970 1124 4058 spatiere
1143 3969 1216 4036 loco
1233 4020 1240 4034 .
1257 4020 1264 4033 .
1288 3967 1347 4034 sed

265 4199 286 4269 1)
304 4197 387 4268 Verg.
398 4197 478 4253 Geor.
491 4197 529 4252 IV
541 4200 602 4254 445.
621 4199 690 4253 Aen.
703 4199 728 4253 Il
742 4199 802 4254 373.
827 4199 881 4258 cfr.
890 4199 1001 4270 Forbig.
1015 4199 1051 4254 ad
1062 4199 1089 4255 h.
1099 4199 1117 4254 1.
1131 4199 1231 4269 Draeg.
1245 4199 1271 4254 Π
1283 4200 1344 4257 160.
