3008 4928
645 193 863 251 „40-

165 385 248 451 pore
270 369 436 448 quantum
458 361 641 448 Auguror’.
688 361 790 448 Verg.
813 361 869 426 IX
893 367 956 426 235
982 365 1083 427 ‘neve
1106 360 1190 426 11333
1214 359 1338 426 nostris

166 476 368 557 spectentur·
391 468 434 534 ab
457 469 579 534 annis'.
612 467 673 532 ubi
694 468 869 554 Ladewig.
892 468 981 532 hanc
1005 490 1077 532 rem
1099 467 1253 554 Vergilio
1276 466 1339 533 soli

166 575 292 641 iniuria
315 574 483 641 attribuit.
516 575 655 640 Etenim
679 597 836 663 compara
858 575 918 640 Ov.
934 575 1015 640 Met.
1039 573 1128 640 XIV
1144 581 1207 640 323
1231 573 1339 640 ‘ficta-

167 705 233 766 que
255 681 377 770 probes
401 681 444 748 ab
459 681 608 767 imagine
631 682 769 748 veram'.
802 681 883 746 Her.
902 681 939 745 Π
955 687 997 746 86
1022 680 1077 746 ‘ab
1101 689 1228 748 eventu
1247 679 1340 746 facta

166 788 319 858 notanda
340 789 462 876 putat’.
508 790 589 854 Pan
612 788 710 854 Mess.
736 795 754 854 3
779 792 813 852 ‘a
834 787 965 854 meritis
989 787 1018 852 si
1041 789 1190 854 carmina
1212 787 1339 872 laudes,

166 895 358 960 Deficient’.
742 971 744 976 ¹
969 891 971 897 ’

256 1003 309 1067 Pr.
325 1001 376 1068 IV
394 1009 421 1086 7,
440 1010 480 1068 75
505 1002 641 1085 ‘Latris
665 1001 721 1066 cui
736 1024 861 1066 nomen
881 1000 923 1065 ab
938 1001 1056 1066 usust’.
1091 1008 1119 1084 2,
1136 1007 1177 1066 48
1196 1001 1341 1067 ‘Nomen

168 1107 211 1174 ab
234 1115 360 1174 eventu
384 1159 390 1174 .
415 1159 422 1172 .
447 1108 565 1174 dedit’.
612 1117 640 1192 4,
666 1115 716 1173 93.

255 1214 292 1301 b)
314 1214 467 1280 'Maxime
490 1215 643 1282 omnium
667 1221 845 1302 poetarum
868 1213 965 1279 Ovid.
989 1222 1024 1280 et
1047 1216 1146 1302 Prop.
1169 1215 1339 1303 praeposi·

168 1320 263 1386 tione
286 1322 330 1386 ‘a’
354 1345 416 1409 pro
439 1321 586 1409 simplici
610 1321 760 1387 ablativo
784 1321 838 1386 usi
860 1328 950 1386 sunt.
989 1321 1045 1386 Vs.
1069 1322 1123 1386 HI
1148 1329 1198 1406 25,
1223 1330 1241 1386 5

279 1428 351 1494 ‘Nil
373 1449 512 1495 moveor
534 1428 694 1494 lacrimis:
717 1428 784 1494 1333
806 1451 881 1492 3331
905 1435 1023 1515 captus
1046 1427 1089 1494 ab
1113 1429 1208 1494 arte'.

257 1534 504 1622 Heimreioh.¹),
529 1535 621 1620 quod
645 1535 704 1620 qui
718 1535 866 1600 lacrimis
882 1557 953 1600 non
975 1542 1239 1622 permoveretur,
1263 1557 1340 1600 eum

169 1665 212 1706 ne
245 1648 318 1706 arte
351 1642 490 1726 quidem
520 1642 596 1729 capi
627 1664 725 1730 posse
757 1641 898 1716 diceret,
932 1642 1076 1716 ‘cautus’
1105 1664 1167 1729 pro
1196 1639 1339 1728 ‘captus'

170 1748 335 1836 scriptum
350 1749 469 1815 voluit.
497 1748 547 1812 At
562 1749 620 1814 1113
636 1755 671 1813 33
687 1748 747 1832 qui
763 1747 991 1814 coniecturam
1006 1748 1144 1835 recepit,
1159 1747 1340 1830 Baehrens,

169 1855 229 1920 vix
251 1855 488 1939 meminerunt,
516 1855 602 1920 illud
627 1859 713 1918 ‘sum
737 1855 868 1941 captus’
892 1857 1085 1940 germanice
1107 1877 1176 1920 non
1203 1855 1259 1920 ich
1281 1853 1342 1918 bin

170 1960 350 2048 gefangen,
375 1962 435 2027 sed
457 1961 514 2026 1311
536 1961 598 2026 bin
621 1959 796 2047 gesangen
818 1961 958 2026 worden
982 1945 1239 2048 suprimendum
1263 1983 1340 2026 3333.

171 2071 231 2134 Ov.
255 2067 330 2132 Am.
354 2069 390 2132 H
414 2074 468 2152 12,
493 2077 512 2134 4
546 2067 763 2151 ι8333311333,
790 2091 834 2132 33
857 2091 924 2152 qua
946 2075 1060 2156 posset
1083 2067 1126 2132 ab
1149 2067 1341 2156 artecapi’.

170 2176 224 2242 Tr.
248 2175 284 2240 II
308 2182 370 2240 462
397 2174 486 2252 ‘Qua
508 2182 636 2261 nuptae
659 2174 791 2261 possint
813 2173 931 2240 fallere
954 2174 997 2240 ab
1021 2182 1094 2240 arte
1116 2174 1230 2240 viros’.

259 2283 313 2346 Pr.
334 2281 388 2346 ΙΠ
413 2287 463 2364 11,
489 2289 530 2346 24
554 2285 685 2346 ‘currus
699 2289 715 2344 ’.
741 2333 747 2344 .
771 2287 864 2347 33333
887 2282 1057 2368 stringere
1080 2280 1122 2346 ab
1146 2304 1208 2346 axe
1230 2279 1341 2363 latus'.

169 2388 220 2455 IV
237 2396 265 2472 9,
283 2397 323 2454 24
348 2388 475 2454 ‘Lucus
498 2386 541 2453 ab
563 2387 722 2454 umbroso
744 2386 873 2452 fecerat
897 2388 976 2454 orbe
995 2389 1135 2470 nemus',
1158 2387 1220 2453 ubi
1242 2394 1344 2475 poeta

169 2518 239 2578 non
261 2494 388 2560 maiore
405 2494 553 2578 licentia,
577 2517 678 2578 quam
701 2517 748 2559 vs.
772 2494 823 2559 IV
840 2501 868 2578 8,
888 2501 928 2560 84
953 2495 1058 2560 verba
1081 2495 1216 2578 struxit,
1239 2493 1343 2578 siqui·

171 2601 249 2668 dem
263 2600 468 2688 praepositio
485 2600 526 2664 ab
542 2600 640 2665 Italis
665 2607 700 2664 et
714 2599 867 2686 Hauptio
883 2607 976 2665 recte
991 2601 1140 2688 reposita
1163 2608 1223 2665 est.
1254 2600 1343 2665 Nam

172 2709 252 2793 quia
275 2707 407 2773 codices
437 2729 510 2771 eam
532 2729 603 2772 non
627 2705 783 2790 tradunt,
812 2706 871 2770 3111
898 2706 992 2770 aliud
1015 2707 1237 2794 scripserunt,
1266 2728 1343 2770 oum

169 2815 298 2901 Haupt.
308 2813 392 2878 haec
401 2812 472 2898 legi
480 2813 640 2878 voluerit:
659 2811 784 2894 ι531113,
801 2819 835 2878 33
851 2835 966 2900 apura
979 2813 1098 2878 limina
1113 2814 1221 2900 tergit
1237 2813 1342 2898 aqua’.

170 2921 225 2986 Pr.
249 2919 286 2984 H
311 2928 361 3003 27,
388 2926 425 2984 11

286 3026 397 3091 ‘Solus
421 3048 536 3090 amans
560 3026 658 3092 novit
682 3026 818 3110 quando
834 3026 1006 3112 periturus
1030 3033 1065 3092 et
1089 3049 1109 3090 a
1124 3049 1190 3111 qua
1208 3025 1342 3093 Morte'.

170 3133 365 3198 1131111333.
375 3132 444 3198 VH
456 3139 519 3198 484
537 3136 602 3196 ‘me
616 3186 644 3203 ..
660 3133 859 3198 morituram
874 3133 981 3220 patris
997 3132 1039 3197 ab
1050 3133 1342 3198 iraDissimulas‘l'

172 3241 233 3305 Ov.
258 3239 311 3302 Tr.
335 3238 386 3304 IV
410 3247 443 3322 5,
469 3246 486 3302 3
512 3238 629 3303 ‘Cuius
653 3239 695 3303 ab
719 3239 886 3323 adloquiis
910 3239 1051 3304 anima.
1076 3289 1082 3303 .
1106 3239 1253 3306 revixit'.

259 3345 379 3411 Pr.IV
397 3352 424 3428 3,
441 3352 482 3410 99
507 3344 615 3422 ‘Quae
630 3345 732 3410 tellus
748 3345 839 3410 sit..
863 3345 973 3432 putris
997 3345 1039 3410 ab
1056 3346 1173 3412 aestu’.
1198 3346 1283 3430 116,
1302 3353 1342 3412 14

171 3451 355 3538 ‘Supplicis
386 3473 407 3516 a
432 3451 544 3536 longis
572 3450 704 3516 tristior
736 3450 911 3528 excubiis’,
945 3474 1012 3536 quo
1039 3452 1113 3518 loco
1141 3451 1282 3518 Hertzb.
1309 3459 1344 3517 et

170 3558 315 3623 Mueller
346 3557 576 3645 comparativo
609 3557 781 3641 commoti,
813 3558 970 3624 voculam
998 3559 1042 3622 ‘a’
1071 3559 1344 3624 interiectionem

170 3664 390 3751 interpretati
412 3670 500 3730 sunt.
537 3663 605 3730 Sed
629 3687 693 3750 ego
715 3671 855 3751 propter
878 3687 952 3730 3331
967 3665 1075 3752 ipsam
1092 3688 1225 3730 causam
1248 3687 1345 3753 prae-

170 3771 375 3859 positionem
397 3771 537 3856 agnosci
560 3771 683 3854 malim,
707 3771 867 3854 quoniam
890 3771 973 3836 11333
988 3771 1185 3837 testimonia
1207 3795 1344 3860 persua·

172 3876 263 3942 dent.
309 3878 364 3941 Pr.
387 3876 438 3942 IV
462 3884 495 3961 1,
521 3883 583 3942 126
618 3877 748 3941 ‘Murus
781 3876 823 3941 ab
856 3877 996 3964 ingenio
1027 3878 1141 3944 notior
1172 3878 1230 3943 ille
1261 3878 1344 3944 tuo'.

172 3984 232 4050 Ov.
255 3983 310 4048 Ex
333 3983 369 4048 P.
393 3980 445 4048 ΠΙ
470 3989 502 4067 1,
528 3989 566 4048 51
602 3982 738 4048 ‘Notior
765 4033 771 4046 .
796 4034 802 4046 .
831 4005 851 4048 3
882 3982 1035 4048 fulminis
1061 3985 1156 4052 ietu'.
1201 3985 1277 4069 12,
1301 3993 1344 4050 54

172 4137 360 4146 ...-.----.-
379 4141 385 4147 .

262 4216 282 4281 ¹)
301 4211 468 4280 Heimreich,
487 4213 578 4282 Symb.
597 4211 667 4281 phil.
698 4211 787 4266 Bonu.
808 4211 884 4267 1867.
913 4231 941 4282 p.
955 4214 1015 4268 673.
