3008 4928
164 824 383 982 Propertius
405 887 583 980 particulis
607 890 771 956 sermonis
795 889 964 976 quomodo
986 912 1066 956 usus
1090 889 1148 974 sit,
1179 913 1341 976 quaerere

167 998 318 1083 institui,
347 1019 424 1064 cum
451 996 531 1082 quia
558 997 632 1061 sine
660 1003 818 1062 accurata
845 1019 961 1062 earum
989 997 1185 1083 cognitione
1207 1005 1343 1086 poetam

167 1129 280 1193 neque
308 1105 465 1190 intellegi
492 1109 584 1169 recte
612 1126 723 1188 neque
751 1103 924 1168 emendari
950 1125 1048 1192 posse
1075 1103 1161 1168 mihi
1183 1105 1342 1192 persuasi,

166 1221 244 1280 tum
267 1211 359 1298 quod
380 1210 470 1276 hanc
485 1211 725 1297 grammaticae
740 1210 983 1297 Propertianae
997 1217 1131 1298 partem
1151 1211 1344 1298 neglectam

163 1319 240 1386 iere
262 1319 372 1384 iacere
395 1317 631 1384 animadverti

258 1425 292 1490 A
315 1424 504 1490 disserendi
525 1424 659 1490 ratione
683 1446 808 1508 eorum,
832 1423 892 1510 qui
907 1423 1032 1489 similia
1047 1423 1174 1511 scripta
1190 1425 1343 1492 confece-

169 1539 261 1617 runt,
285 1531 416 1596 duabus
439 1531 540 1598 rebus
564 1531 710 1596 discessi.
749 1529 865 1615 Atque
888 1531 1037 1618 primum
1059 1530 1146 1596 nihil
1169 1531 1344 1617 antiquius

167 1639 287 1723 habui,
321 1661 424 1724 quam
450 1646 490 1704 ut
517 1644 632 1704 textus
656 1645 777 1725 poetae
805 1644 909 1722 atque
936 1637 1176 1726 interpretatio
1205 1638 1344 1705 adiuva·

168 1746 332 1833 rentur.1)
377 1745 526 1829 Deinde,
551 1752 591 1810 ut
613 1752 798 1830 utrumque
821 1767 1028 1829 assequerer,
1056 1745 1344 1832 quamplurimos

168 1860 324 1942 poteram
346 1860 463 1940 poetas
487 1875 565 1918 cum
585 1853 763 1939 Propertio
787 1850 989 1938 comparavi.
1028 1853 1106 1935 Qua
1128 1851 1185 1917 via
1208 1851 1344 1918 criticos

168 1967 274 2045 atque
311 1959 516 2045 interpretes
554 1957 779 2046 prosperrime
816 1956 980 2045 progredi
1018 1979 1222 2042 quamquam
1252 1958 1345 2023 inter

169 2089 288 2133 omnes
305 2072 446 2150 constat,
470 2073 586 2130 tamen
600 2065 681 2130 huic
697 2065 779 2130 artis
799 2065 937 2130 criticae
953 2065 1149 2130 necessitati
1164 2065 1344 2152 scriptores

169 2171 495 2239 commentationum
510 2171 811 2259 Propertianarum
833 2193 954 2258 parum
968 2179 1157 2258 paruerunt
1180 2194 1286 2257 eaque
1302 2172 1344 2238 de

170 2304 271 2346 causa
302 2279 443 2346 mutatis
476 2279 631 2343 codicum
667 2276 870 2343 lectionibus
908 2285 943 2343 et
976 2277 1127 2344 traiectis
1161 2277 1343 2363 eiectisque

169 2388 324 2456 versibus
347 2393 481 2452 textum
503 2385 629 2450 iniuria
652 2390 873 2450 vexaverunt.
975 2429 976 2434 η

165 2541 167 2548 ,
259 2494 380 2578 Neque
402 2493 569 2558 minorem
591 2491 778 2557 utilitatem
806 2514 848 2556 ex
875 2491 935 2557 illa
958 2491 1210 2580 comparatione
1233 2513 1346 2577 gram*

171 2601 289 2666 matici
327 2607 361 2665 et
391 2598 626 2688 lexicographi
658 2599 802 2686 capient.
857 2597 946 2662 Nam
977 2605 1216 2686 praeterquam
1254 2597 1344 2682 quod

170 2708 326 2796 exempla
354 2707 563 2795 proprietate
590 2705 740 2790 insignia
767 2712 950 2790 augentur,
979 2728 1031 2770 res
1059 2705 1107 2776 in,
1124 2704 1344 2791 grammatica

170 2815 280 2880 latina
302 2814 374 2880 sive
401 2814 582 2899 ambiguae
609 2812 682 2877 sive
709 2812 848 2898 ignotae
876 2811 944 2876 nisi
972 2813 1111 2898 negotio
1139 2816 1272 2898 poetae,
1302 2809 1344 2875 de

170 2945 238 3008 quo
261 2920 435 3004 scribitur,
464 2943 542 2985 cum
568 2919 643 2984 aliis
666 2918 849 2984 latinitatis
872 2917 1025 3006 poeticae
1048 2917 1242 2992 auctoribus
1267 2940 1344 2984 con·

169 3027 305 3094 ferendi
326 3035 482 3115 suscepto
505 3027 543 3091 in
565 3027 640 3091 luce
664 3023 835 3090 efficacius
858 3045 928 3089 non
951 3025 1170 3090 collocantur.

674 3277 793 3374 Caput
819 3279 846 3350 Ι.

482 3434 556 3532 De
589 3431 1029 3532 coniunctionibus.

435 3704 470 3772 Α.
510 3703 554 3772 lle
577 3701 855 3772 coniunctionibus
879 3699 1081 3784 copulative.

263 3852 290 3910 1.
321 3844 535 3910 Elocutionis
558 3843 704 3909 formula
719 3843 780 3908 ‘Ac
797 3841 919 3908 veluti’
935 3841 1045 3930 poetis
1068 3843 1247 3928 tantopore
1271 3847 1345 3904 erat

171 3954 211 4018 in
234 3953 378 4038 deliciis,
405 3959 445 4017 ut
467 3951 641 4016 interdum
664 3957 858 4033 uterentur,
882 3948 1030 4032 etiarnsi,
1054 3946 1234 4030 sententia,
1258 3968 1344 4030 quae

170 4060 409 4143 illustraretur,
432 4058 624 4147 praemissa,
647 4058 691 4122 ad
714 4055 981 4123 continuandam
1000 4055 1186 4120 orationem
1202 4053 1345 4140 simplex

243 4239 264 4308 1)
283 4235 360 4292 Nihil
378 4237 415 4290 ad
433 4238 540 4291 textum
564 4237 593 4290 et
610 4233 869 4304 interpretationem
893 4232 1083 4288 contulerunt:
1114 4230 1251 4285 Frahnert
1273 4230 1345 4300 (zum

172 4325 418 4396 Sprachgcbrauch
442 4325 468 4379 d.
491 4324 572 4393 Prop.
609 4323 690 4378 Halle
715 4324 805 4392 1874)
841 4321 960 4376 Kuttner
987 4321 1032 4389 (de
1054 4319 1210 4454 elocqtione
1237 4322 1344 4388 quaest.
