3008 4928
654 289 893 350 -10-‘

267 471 318 530 15.
350 464 491 548 Versus,
524 453 585 527 ubi
616 462 739 528 vocula
766 461 845 526 ‘neo’
880 460 1068 548 optatum¹)
1100 460 1157 526 vel
1188 459 1349 546 iussum2)

171 579 289 658 negat,
304 569 395 637 infra
411 569 616 636 enumeravi.
654 570 784 652 Restat,
808 575 848 633 ut
863 567 1072 632 mentionem
1091 565 1215 631 faciam
1235 589 1350 633 eonse-

171 679 323 746 eutionis
347 682 486 744 ι1166-
508 675 615 743 neve'.
661 677 801 741 Praeter
824 697 960 740 versum
983 675 1037 760 Pr,
1060 673 1079 738 Ι
1103 679 1131 740 8.
1156 678 1195 738 11

406 785 487 870 ,Neo
510 785 577 850 tibi
679 784 832 848 solvatur
853 781 947 847 funis
970 779 1103 865 harena,

333 893 430 960 Neve
453 892 594 957 inimioa
616 913 707 956 meas
731 891 842 956 616161
866 908 949 954 aura
971 889 1105 976 preees’.

262 999 421 1064 Handius
444 999 509 1083 (IV
531 1022 563 1087 p.
590 1002 666 1081 179)
688 1017 797 1061 unum
812 1001 916 1082 Verg.
941 1017 1049 1081 georg
1070 995 1126 1059 ΠΙ
1149 1001 1212 1059 435
1237 993 1348 1058 looum

168 1106 327 1194 protulit,
350 1105 412 1170 ubi
426 1104 637 1170 Ribbeokius
660 1111 775 1168 tamen
799 1106 852 1167 ‘ne
868 1141 911 1152 --
927 1100 1023 1167 neve’
1048 1124 1066 1166 e
1089 1100 1158 1168 suis
1174 1099 1348 1166 codicibus

169 1213 268 1299 legit.
316 1212 433 1278 Ovidii
456 1211 557 1279 Trist.
579 1211 598 1276 1
623 1216 650 1294 1,
676 1215 715 1275 11
746 1205 941 1296 exemplum
969 1208 1013 1272 ad
1039 1207 1223 1273 lectionem
1245 1207 1347 1294 Verg.

169 1317 423 1384 defendendam
447 1317 489 1383 ab
514 1317 588 1382 aliis
615 1317 684 1382 iam
707 1317 849 1382 allatum
876 1315 929 1380 his
958 1314 1090 1380 duobus
1118 1313 1203 1394 16616
1229 1336 1347 1400 augeo,

169 1427 235 1492 Ov.
250 1426 347 1490 Rem.
365 1431 426 1490 627
460 1425 541 1489 ‘Neo
557 1447 643 1509 quae
658 1421 749 1488 ferre
765 1423 851 1488 solet
866 1422 1072 1509 spatiantem
1086 1421 1238 1508 porticus
1253 1419 1348 1485 illam

517 1531 565 1596 Te
587 1529 685 1615 ferat,
709 1529 860 1595 officium
882 1553 971 1595 neve
995 1531 1127 1596 colatur
1149 1528 1258 1594 idem’.

130 1631 133 1638 ’
261 1638 386 1704 Juven.
409 1637 498 1705 XIV
522 1644 584 1703 201
611 1641 683 1702 ‘neo
706 1643 741 1702 16
764 1635 906 1702 fastidia
930 1687 937 1704 .
958 1687 965 1702 .
986 1688 993 1701 .
1014 1687 1020 1702 .
1045 1635 1189 1701 subeant
1213 1685 1220 1700 .
1241 1684 1248 1700 .
1270 1635 1347 1700 Neu

168 1744 309 1810 eredas’.

435 1880 1083 1957 &mmmmmmffimmm.

264 2035 291 2096 1.
323 2028 453 2116 Digna,
483 2051 569 2114 quae
592 2027 802 2112 restituatur,
825 2027 993 2093 librorum
1016 2028 1221 2116 scriptorum
1243 2025 1345 2092 166116

167 2144 223 2202 661
238 2161 269 2203 1.
285 2136 337 2202 IV
354 2143 382 2220 1,
401 2144 441 2202 75
472 2136 583 2201 ‘Certa
605 2133 713 2200 feram
736 2135 838 2200 eertis
861 2135 1069 2201 auctoribus:
1093 2142 1153 2202 aut
1170 2156 1234 2221 ego
1250 2140 1345 2200 16166

544 2242 686 2308 Nescius
710 2249 826 2308 661616
849 2243 949 2329 signa
971 2265 1108 2309 movere
1130 2243 1215 2328 pila'.

258 2350 320 2415 ubi
356 2349 468 2415 6111161
501 2349 610 2417 ‘haud’
641 2372 703 2437 pro
738 2350 814 2414 ‘aut’
854 2373 896 2414 ex
933 2349 1098 2416 Italorum
1136 2349 1345 2415 correctione

164 2455 387 2543 seripserunt.
434 2457 504 2522 Sed
526 2457 881 2550 praeterquamquod
908 2457 992 2522 talia
1020 2457 1207 2522 exclamare
1230 2463 1345 2544 vatem

164 2564 288 2628 melius
317 2564 415 2631 decet
444 2569 535 2648 (nam
563 2563 645 2630 vide
672 2587 720 2631 16.
750 2564 928 2630 ‘Mentior‘3
957 2588 1001 2630 an
1027 2565 1159 2653 patriae
1186 2563 1345 2650 tangitur

164 2693 228 2736 616
250 2671 380 2755 tuae’P),
403 2671 441 2736 in
465 2671 597 2736 duobus
622 2671 818 2756 enuntiatis,
843 2671 967 2756 quibus
987 2672 1134 2737 maxima
1156 2669 1343 2736 similitudo

164 2800 247 2842 oum
268 2778 343 2842 loeo
359 2778 583 2865 Propertiano
608 2784 667 2862 est,
683 2778 841 2843 voculam
861 2779 937 2843 ‘aut’
962 2779 1088 2845 inveni.
1134 2776 1229 2843 June
1253 2776 1344 2842 enim

166 2884 255 2949 dioit
278 2907 329 2971 ap.
353 2884 456 2970 Verg.
485 2883 570 2948 Aen.
599 2885 636 2948 X
661 2891 723 2949 630
749 2885 859 2949 ‘Nune
886 2892 1004 2949 manet
1030 2885 1201 2949 insontem
1228 2881 1342 2969 gravis

163 2992 289 3076 exitus,
313 2998 373 3056 aut
401 3013 465 3078 ego
481 2991 556 3057 veri
571 2991 671 3058 Vana
693 2990 802 3057 feror'.
848 2991 967 3076 Atque
982 2992 1066 3057 Hor.
1089 2992 1199 3079 Epist.
1222 2991 1277 3058 ΙΠ
1300 2998 1340 3054 42

275 3098 421 3164 ‘Ordinis
444 3099 529 3164 haee
551 3099 661 3165 virtus
685 3099 751 3164 erit
775 3105 809 3182 et
832 3123 950 3184 venus,
975 3107 1035 3164 aut
1058 3122 1121 3186 ego
1145 3097 1263 3164 fallor'.

257 3204 423 3271 Observes
452 3205 557 3270 velim
589 3205 695 3272 verba
732 3209 800 3272 ‘aut
838 3206 909 3291 ego’
943 3206 999 3272 161
1034 3207 1074 3270 in
1106 3205 1225 3270 eodem
1255 3207 1342 3295 pede

31 3335 33 3337 ’
162 3333 286 3378 versus
309 3312 429 3399 posita.

255 3418 376 3504 Neque
407 3418 519 3483 minus
552 3419 708 3485 eodieum
739 3419 980 3486 auctoritatem
1011 3419 1196 3507 plurimum
1228 3420 1340 3486 161616

162 3523 323 3589 existimo
347 3525 386 3590 in
409 3549 457 3592 16.
481 3526 525 3590 H.
552 3535 601 3611 24,
627 3537 647 3592 4

274 3631 348 3695 ‘Oui
370 3654 441 3697 non
463 3632 516 3696 his
539 3633 652 3699 verbis
676 3634 860 3721 adspergat
882 3641 1036 3721 tempora
1059 3633 1181 3698 sudor?

326 3737 400 3804 Aut
422 3739 533 3827 pudor
556 3741 736 3830 ingenuus,
760 3748 820 3806 aut
843 3742 1037 3806 reticendus
1060 3741 1171 3806 amor'.

254 3843 316 3908 ubi
331 3845 478 3932 Hauptii
493 3847 638 3911 mutatio
654 3869 779 3913 vocum
799 3848 875 3912 ‘aut'
896 3847 933 3912 in
950 3846 1050 3912 ‘haut’
1072 3870 1137 3912 neo
1152 3848 1340 3912 necessaria

160 3971 228 4014 nee
251 3955 345 4014 16616
368 3949 444 4016 fuit.
490 3952 579 4018 Nam
602 3953 631 4017 61
653 3953 691 4037 16,
715 3954 775 4038 qui
790 3954 1008 4041 Propertium
1031 3954 1235 4039 adloquitur,
1259 3977 1339 4042 usus

255 4143 1338 4220 umnammamnmmmmmmumm;

159 4232 795 4306 mmwummammtss

171 4323 783 4395 ·emmmmrmnm
905 4385 909 4396 ,
