3008 4928
630 243 850 302 ...21-

137 415 308 480 Ι*16111111
333 397 376 479 de
397 413 611 480 Lachmanni
635 409 786 480 editione
812 403 925 502 priore
947 400 1125 501 perperam
1148 413 1326 502 depromp-

153 521 236 586 sisse
269 529 424 609 apertnm
453 528 513 588 est.
559 522 677 606 Neque
709 521 821 586 minus
844 521 1068 586 offensionem
1090 519 1194 586 habet
1216 507 1326 587 Baeh-

152 627 262 693 rentis
286 629 450 694 eorrectio
474 629 566 693 ‘tale’.
612 627 701 694 Nam
722 635 824 716 poeta
846 627 932 692 dicit
954 627 1130 705 ‘Quamvis
1152 628 1245 715 pacis
1269 651 1326 692 cu-

133 734 267 822 pidus,
299 734 389 800 bella
421 757 498 800 cum
529 735 643 822 puelia
674 757 757 821 gero
781 757 846 800 nec
868 742 985 800 tamen
1008 735 1147 800 divitias
1170 734 1325 822 possideo

138 863 266 927 tneque
297 841 472 925 acquirere
500 841 629 908 studeo.
675 841 744 907 Sed
770 864 832 907 vos
860 848 973 907 vestro
1003 840 1093 906 bello
1117 841 1326 906 secesionem

153 948 244 1014 bona
271 947 456 1033 colligendi
484 948 629 1035 captatis
662 952 722 1032 (vs.
750 955 788 1013 12
814 955 849 1013 et
873 949 949 1031 47)’.
995 948 1126 1012 Eadem
1153 942 1327 1013 enuntiati

138 1063 334 1138 structura,
359 1055 426 1139 qua
449 1051 728 1120 coniunctionem
748 1054 1051 1120 animadvertimus
1066 1054 1235 1120 moderari
1250 1077 1326 1120 sen-

153 1162 283 1229 tentiae
306 1161 531 1244 antecedenti,
554 1161 734 1227 invenitur
756 1161 792 1226 H
817 1169 866 1244 19,
892 1167 929 1226 21

266 1267 446 1356 ‘incipiam
469 1275 605 1356 captare
627 1267 717 1333 feras
741 1321 747 1334 .
772 1321 779 1335 .

265 1375 344 1439 Non
366 1381 482 1440 tamen
503 1382 544 1440 ut
566 1382 680 1440 vastos
704 1376 812 1440 ausim
835 1382 1002 1463 temptare
1024 1375 1160 1440 leones⁷.
1258 1389 1261 1396 ⁴

239 1481 401 1566 Denique
415 1504 576 1568 maguam
591 1481 634 1546 ad
651 1482 932 1568 cognoscendum,
949 1504 1016 1567 quo
1032 1480 1224 1565 referretur,
1235 1478 1326 1545 diffi-

154 1587 319 1652 cultatem
342 1587 463 1652 habuit
485 1589 653 1675 particula
675 1611 724 1656 vs.
739 1589 790 1654 IV
815 1595 864 1672 11,
889 1596 927 1653 61

268 1693 328 1758 ‘Et
350 1700 467 1759 tamen
491 1695 617 1759 emerui
639 1717 821 1781 generosos
844 1695 949 1760 vestis
972 1695 1125 1779 honores,

266 1799 338 1864 Neo
360 1801 501 1866 meede
524 1801 634 1866 sterili
656 1799 748 1866 facta
769 1801 891 1888 rapina
914 1800 1036 1867 domo’.

244 1906 320 1984 Qua
342 1929 379 1972 16
402 1907 463 1972 diu
486 1907 699 1972 considerata
717 1906 803 1971 mihi
817 1907 977 1994 persuasi,
1000 1929 1137 1972 versum
1155 1913 1193 1972 17
1220 1905 1325 1993 expli·

154 2013 300 2079 cationis
317 2035 432 2078 ansam
447 2013 546 2078 nobis
562 2014 651 2080 dare.
683 2007 952 2097 Nam'Gomelia,
975 2021 1156 2101 postquam
1172 2013 1216 2097 id,
1233 2012 1325 2098 quod

153 2119 204 2185 ibi
226 2127 448 2207 proposuerat
472 2121 655 2185 ‘inmatura
677 2121 765 2204 licet,
789 2126 903 2186 tamen
925 2120 993 2186 huc
1015 2143 1086 2186 non
1101 2120 1204 2185 noxia
1226 2119 1325 2204 veni’,

152 2227 291 2312 longius
314 2233 492 2313 prosecuta
515 2234 579 2311 est,
612 2227 794 2292 contendit
816 2227 903 2311 loco,
932 2227 974 2292 de
998 2249 1066 2312 quo
1090 2227 1213 2313 agitur,
1245 2248 1325 2310 sese,

154 2333 310 2418 quamvis
341 2333 557 2398 immaturam
589 2333 803 2400 occubuisset
837 2341 992 2419 mortem,
1031 2341 1147 2400 tamen
1185 2333 1326 2420 stirpem

154 2462 196 2504 ex
219 2461 254 2504 se
277 2439 461 2525 reliquisse.

244 2553 273 2611 9.
305 2547 435 2631 Restat,
459 2553 499 2612 ut
514 2546 637 2634 faciam
660 2549 869 2614 mentionem
884 2549 1005 2614 horum
1020 2571 1189 2616 versuum.
1220 2546 1325 2613 Notio

144 2653 567 2719 16616666116661616111
590 2654 765 2720 vocabulis
789 2655 874 2720 ‘sive
897 2693 940 2703 -
964 2655 1043 2719 sive’
1067 2655 1104 2718 H
1128 2662 1178 2738 34,
1203 2660 1243 2720 81

266 2759 353 2825 ‘Non
374 2766 490 2824 161161
512 2761 595 2825 haec
618 2761 682 2825 ulli
701 2761 843 2826 venient
865 2761 1004 2847 ingrata
1025 2761 1165 2847 legenti,

266 2865 346 2931 Sive
369 2867 408 2931 in
430 2889 543 2933 amore
565 2868 668 2952 rudis,
693 2867 765 2934 sive
787 2869 917 2956 peritus
940 2868 1028 2935 erit’.

265 2972 378 3059 Lygd.
401 2973 426 3057 I,
452 2981 470 3038 6
496 2973 572 3039 ‘Seu
594 2997 677 3058 mea,
701 2997 759 3040 seu
782 2974 890 3058 fallor,
915 2997 992 3040 cara
1011 2974 1143 3040 Neaera
1165 2973 1301 3039 tamen'.

244 3079 442 3145 Pronomini
463 3081 535 3146 vim
555 3081 784 3147 concessivam
806 3081 921 3146 tribuo
945 3080 1036 3168 apud
1056 3083 1156 3168 Prop.
1178 3080 1264 3164 115,
1282 3088 1322 3146 32

268 3185 337 3252 ‘Sis
358 3187 585 3273 quodcunque
607 3189 710 3272 voles,
733 3210 805 3252 non
828 3188 938 3253 aliena
960 3188 1087 3268 tamen’
1113 3192 1169 3272 (sc.
1193 3188 1279 3271 eris).

244 3291 511 3378 01111616,
543 3301 584 3358 66
632 3294 821 3380 ‘Quidquid
849 3295 934 3381 agit,
964 3295 1103 3381 sanguis
1131 3301 1323 3360 esttamen

152 3397 213 3464 illa
236 3399 338 3464 tuus’.
1431 3392 1434 3400 ’

242 3504 433 3572 Verborum
456 3505 760 3572 confornationem
782 3531 830 3573 vs.
853 3507 872 3571 Ι
897 3515 946 3591 15,
971 3515 989 3572 2
1012 3507 1107 3572 ·‘Hac
1129 3515 1245 3572 tamen
1268 3529 1324 3571 ex·

154 3619 261 3700 cepta,
285 3611 446 3699 Cynthia,
469 3613 624 3700 perfidia’
640 3637 834 3702 comparare
846 3614 965 3680 licebit
980 3637 1057 3680 cum
1071 3615 1131 3680 Ov.
1156 3636 1197 3678 ex
1211 3615 1324 3680 Ponto

153 3711 172 3783 Ι
196 3725 223 3802 7,
249 3725 267 3782 6
292 3721 361 3784 ‘me
383 3725 499 3784 tamen
523 3721 682 3808 excepto’.
713 3721 795 3786 Μ61.
818 3721 905 3786 VHI
929 3727 1002 3786 868.
1038 3721 1091 3785 De
1114 3719 1260 3786 formula
1282 3719 1325 3786 ‘si

152 3824 277 3890 tarnen’
302 3826 443 3912 exposui
464 3850 496 3914 p.
521 3835 572 3894 27.

154 4002 187 4071 11.
231 4001 276 4070 ns
298 4003 580 4092 coniunctionibus
601 4005 797 4106 661161611νί6
821 4006 1039 4075 consecutivis
1063 4005 1323 4092 causanturque.

244 4156 272 4216 1.
304 4148 503 4235 Propertius
527 4154 562 4212 et
576 4147 719 4214 Ovidius
741 4155 782 4213 ut
804 4148 987 4236 particulas
1011 4148 1109 4234 ‘ergo'
1134 4154 1236 4232 atque
1251 4148 1324 4234 ‘igi-

153 4254 222 4320 tur’
246 4253 347 4320 initio
371 4254 527 4319 carminis
550 4253 735 4341 posuerint,
760 4277 799 4319 66
822 4254 863 4320 (16
883 4277 982 4320 causa
996 4253 1126 4321 factum
1149 4260 1209 4338 est,
1232 4255 1325 4340 quod
